timestamp,symbol,side,price,size,tickDirection
2018-07-01 00:00:02.490104,XBTUSD,Sell,6383.5,3000,0-
2018-07-01 00:00:03.233707,XBTUSD,Sell,6383.5,15000,0-
2018-07-01 00:00:03.358225,XBTUSD,Sell,6383.5,37,0-
2018-07-01 00:00:03.474112,XBTUSD,Sell,6383.5,200,0-
2018-07-01 00:00:03.963948,XBTUSD,Buy,6384.0,1,++
2018-07-01 00:00:04.418778,XBTUSD,Sell,6383.5,37,--
2018-07-01 00:00:05.038344,XBTUSD,Buy,6384.0,484,++
2018-07-01 00:00:06.373475,XBTUSD,Sell,6383.5,15,--
2018-07-01 00:00:06.445292,XBTUSD,Buy,6384.0,2650,++
2018-07-01 00:00:06.535434,XBTUSD,Buy,6384.0,164,0+
2018-07-01 00:00:06.641278,XBTUSD,Buy,6384.0,6384,0+
2018-07-01 00:00:06.874864,XBTUSD,Buy,6384.0,1130,0+
2018-07-01 00:00:08.187379,XBTUSD,Buy,6384.0,79,0+
2018-07-01 00:00:09.342087,XBTUSD,Sell,6383.5,1500,--
2018-07-01 00:00:10.959616,XBTUSD,Sell,6383.5,4000,0-
2018-07-01 00:00:11.362190,XBTUSD,Buy,6384.0,6336,++
2018-07-01 00:00:11.765061,XBTUSD,Sell,6383.5,5000,--
2018-07-01 00:00:12.209353,XBTUSD,Sell,6383.5,9575,0-
2018-07-01 00:00:12.291956,XBTUSD,Sell,6383.5,9575,0-
2018-07-01 00:00:12.417564,XBTUSD,Sell,6383.5,9575,0-
2018-07-01 00:00:12.802144,XBTUSD,Sell,6383.5,19150,0-
2018-07-01 00:00:13.969392,XBTUSD,Buy,6384.0,2640,++
2018-07-01 00:00:14.860257,XBTUSD,Buy,6384.0,2087,0+
2018-07-01 00:00:14.967534,XBTUSD,Buy,6384.0,18,0+
2018-07-01 00:00:15.008013,XBTUSD,Buy,6384.0,940,0+
2018-07-01 00:00:16.491430,XBTUSD,Buy,6384.0,53,0+
2018-07-01 00:00:17.196688,XBTUSD,Buy,6384.0,50,0+
2018-07-01 00:00:17.387854,XBTUSD,Sell,6383.5,200,--
2018-07-01 00:00:18.010181,XBTUSD,Sell,6383.5,400,0-
2018-07-01 00:00:19.339432,XBTUSD,Buy,6384.0,18,++
2018-07-01 00:00:19.813473,XBTUSD,Sell,6383.5,32673,--
2018-07-01 00:00:19.996793,XBTUSD,Sell,6383.5,40000,0-
2018-07-01 00:00:23.740508,XBTUSD,Buy,6384.0,9,++
2018-07-01 00:00:24.786237,XBTUSD,Sell,6383.5,15000,--
2018-07-01 00:00:24.967887,XBTUSD,Sell,6383.5,40000,0-
2018-07-01 00:00:25.322835,XBTUSD,Sell,6383.5,10,0-
2018-07-01 00:00:25.909324,XBTUSD,Buy,6384.0,2,++
2018-07-01 00:00:26.161022,XBTUSD,Sell,6383.5,565,--
2018-07-01 00:00:26.433946,XBTUSD,Sell,6383.5,500,0-
2018-07-01 00:00:26.487426,XBTUSD,Buy,6384.0,2000,++
2018-07-01 00:00:27.574213,XBTUSD,Buy,6384.0,13,0+
2018-07-01 00:00:28.348713,XBTUSD,Sell,6383.5,600,--
2018-07-01 00:00:28.657513,XBTUSD,Buy,6384.0,40,++
2018-07-01 00:00:28.846697,XBTUSD,Sell,6383.5,10,--
2018-07-01 00:00:29.942624,XBTUSD,Buy,6384.0,100,++
2018-07-01 00:00:31.369977,XBTUSD,Buy,6384.0,35000,0+
2018-07-01 00:00:31.405959,XBTUSD,Buy,6384.0,1800,0+
2018-07-01 00:00:31.429122,XBTUSD,Sell,6383.5,200,--
2018-07-01 00:00:31.643482,XBTUSD,Sell,6383.5,636,0-
2018-07-01 00:00:31.773155,XBTUSD,Buy,6384.0,100,++
2018-07-01 00:00:33.290498,XBTUSD,Sell,6383.5,10,--
2018-07-01 00:00:33.995372,XBTUSD,Buy,6384.0,40,++
2018-07-01 00:00:34.542357,XBTUSD,Buy,6384.0,10,0+
2018-07-01 00:00:34.734794,XBTUSD,Buy,6384.0,100,0+
2018-07-01 00:00:36.082372,XBTUSD,Buy,6384.0,10000,0+
2018-07-01 00:00:36.627102,XBTUSD,Buy,6384.0,100,0+
2018-07-01 00:00:37.045395,XBTUSD,Sell,6383.5,100000,--
2018-07-01 00:00:37.216363,XBTUSD,Buy,6384.0,100,++
2018-07-01 00:00:39.607279,XBTUSD,Buy,6384.0,100,0+
2018-07-01 00:00:39.683920,XBTUSD,Sell,6383.5,77000,--
2018-07-01 00:00:39.889763,XBTUSD,Buy,6384.0,50000,++
2018-07-01 00:00:41.021682,XBTUSD,Sell,6383.5,10000,--
2018-07-01 00:00:41.170629,XBTUSD,Sell,6383.5,10,0-
2018-07-01 00:00:42.549655,XBTUSD,Buy,6384.0,100,++
2018-07-01 00:00:44.669009,XBTUSD,Buy,6384.0,805712,0+
2018-07-01 00:00:48.425202,XBTUSD,Sell,6384.0,15400,0+
2018-07-01 00:00:48.826972,XBTUSD,Sell,6384.0,1332,0+
2018-07-01 00:00:48.981604,XBTUSD,Buy,6384.5,100,++
2018-07-01 00:00:49.167516,XBTUSD,Buy,6384.5,3333,0+
2018-07-01 00:00:49.270483,XBTUSD,Sell,6384.0,500,--
2018-07-01 00:00:49.322171,XBTUSD,Buy,6384.5,45000,++
2018-07-01 00:00:49.383286,XBTUSD,Buy,6384.5,70000,0+
2018-07-01 00:00:49.474364,XBTUSD,Buy,6384.5,5000,0+
2018-07-01 00:00:49.673356,XBTUSD,Buy,6384.5,10,0+
2018-07-01 00:00:49.740204,XBTUSD,Buy,6384.5,5000,0+
2018-07-01 00:00:49.894281,XBTUSD,Sell,6384.0,19152,--
2018-07-01 00:00:49.908754,XBTUSD,Buy,6384.5,2000,++
2018-07-01 00:00:49.970747,XBTUSD,Buy,6384.5,6100,0+
2018-07-01 00:00:50.011795,XBTUSD,Sell,6384.0,19152,--
2018-07-01 00:00:50.177467,XBTUSD,Sell,6384.0,19152,0-
2018-07-01 00:00:50.481757,XBTUSD,Buy,6384.5,27090,++
2018-07-01 00:00:50.996933,XBTUSD,Buy,6385.0,21430,++
2018-07-01 00:00:50.996933,XBTUSD,Buy,6385.5,961,++
2018-07-01 00:00:50.996933,XBTUSD,Buy,6386.0,3110,++
2018-07-01 00:00:50.996933,XBTUSD,Buy,6386.5,24499,++
2018-07-01 00:00:51.071469,XBTUSD,Buy,6385.0,93,--
2018-07-01 00:00:51.071469,XBTUSD,Buy,6386.5,6907,++
2018-07-01 00:00:51.118248,XBTUSD,Buy,6386.5,3564,0+
2018-07-01 00:00:51.118248,XBTUSD,Buy,6387.0,7306,++
2018-07-01 00:00:51.118248,XBTUSD,Buy,6387.5,10140,++
2018-07-01 00:00:51.578709,XBTUSD,Sell,6387.0,10,--
2018-07-01 00:00:52.059795,XBTUSD,Buy,6387.5,77,++
2018-07-01 00:00:52.059795,XBTUSD,Buy,6388.0,423,++
2018-07-01 00:00:52.341835,XBTUSD,Buy,6388.0,3844,0+
2018-07-01 00:00:52.341835,XBTUSD,Buy,6388.5,6156,++
2018-07-01 00:00:53.975228,XBTUSD,Buy,6388.0,22266,--
2018-07-01 00:00:53.975228,XBTUSD,Buy,6388.5,77734,++
2018-07-01 00:00:54.011826,XBTUSD,Buy,6388.5,690,0+
2018-07-01 00:00:54.138850,XBTUSD,Buy,6388.5,1064,0+
2018-07-01 00:00:54.275015,XBTUSD,Buy,6388.5,20644,0+
2018-07-01 00:00:54.275015,XBTUSD,Buy,6389.0,29356,++
2018-07-01 00:00:54.765603,XBTUSD,Sell,6388.0,4280,--
2018-07-01 00:00:54.765603,XBTUSD,Sell,6388.5,720,--
2018-07-01 00:00:54.915663,XBTUSD,Buy,6388.5,2000,++
2018-07-01 00:00:56.520656,XBTUSD,Sell,6388.0,250,--
2018-07-01 00:00:56.770079,XBTUSD,Sell,6388.0,276,0-
2018-07-01 00:00:57.124091,XBTUSD,Buy,6388.5,22000,++
2018-07-01 00:00:57.220065,XBTUSD,Buy,6388.5,8000,0+
2018-07-01 00:00:57.237578,XBTUSD,Buy,6388.5,73721,0+
2018-07-01 00:00:57.237578,XBTUSD,Buy,6389.0,46279,++
2018-07-01 00:00:57.280338,XBTUSD,Sell,6388.5,25000,--
2018-07-01 00:00:57.534283,XBTUSD,Buy,6389.0,4800,++
2018-07-01 00:00:58.569698,XBTUSD,Buy,6389.0,200,0+
2018-07-01 00:00:59.609836,XBTUSD,Sell,6388.5,17000,--
2018-07-01 00:01:02.118770,XBTUSD,Buy,6389.0,2500,++
2018-07-01 00:01:02.151480,XBTUSD,Buy,6389.0,25000,0+
2018-07-01 00:01:02.177509,XBTUSD,Buy,6389.0,500,0+
2018-07-01 00:01:02.350555,XBTUSD,Sell,6388.5,300,--
2018-07-01 00:01:03.398900,XBTUSD,Sell,6388.5,10000,0-
2018-07-01 00:01:03.622708,XBTUSD,Buy,6389.0,10000,++
2018-07-01 00:01:03.658479,XBTUSD,Sell,6388.5,10,--
2018-07-01 00:01:03.964789,XBTUSD,Sell,6388.5,100,0-
2018-07-01 00:01:04.204983,XBTUSD,Buy,6389.0,94,++
2018-07-01 00:01:05.659074,XBTUSD,Buy,6389.0,314,0+
2018-07-01 00:01:05.762753,XBTUSD,Buy,6389.0,400,0+
2018-07-01 00:01:06.415630,XBTUSD,Buy,6389.0,12910,0+
2018-07-01 00:01:06.505723,XBTUSD,Buy,6389.0,1000,0+
2018-07-01 00:01:06.648309,XBTUSD,Buy,6389.0,73501,0+
2018-07-01 00:01:06.731205,XBTUSD,Sell,6389.0,10,0+
2018-07-01 00:01:08.572708,XBTUSD,Buy,6389.5,9113,++
2018-07-01 00:01:08.648401,XBTUSD,Buy,6389.5,14699,0+
2018-07-01 00:01:08.648401,XBTUSD,Buy,6390.0,15301,++
2018-07-01 00:01:08.710345,XBTUSD,Sell,6389.5,5000,--
2018-07-01 00:01:09.236890,XBTUSD,Buy,6390.0,25000,++
2018-07-01 00:01:09.644812,XBTUSD,Buy,6390.0,60000,0+
2018-07-01 00:01:09.871454,XBTUSD,Buy,6390.0,100,0+
2018-07-01 00:01:09.995686,XBTUSD,Sell,6389.5,150000,--
2018-07-01 00:01:10.311743,XBTUSD,Buy,6390.0,50,++
2018-07-01 00:01:11.458326,XBTUSD,Buy,6390.0,500,0+
2018-07-01 00:01:11.535403,XBTUSD,Buy,6390.0,50000,0+
2018-07-01 00:01:12.025709,XBTUSD,Sell,6389.5,10,--
2018-07-01 00:01:12.217513,XBTUSD,Buy,6390.0,25000,++
2018-07-01 00:01:12.400132,XBTUSD,Buy,6390.0,3000,0+
2018-07-01 00:01:13.662007,XBTUSD,Sell,6389.5,276,--
2018-07-01 00:01:15.955452,XBTUSD,Sell,6389.5,10,0-
2018-07-01 00:01:20.977268,XBTUSD,Buy,6390.0,2000,++
2018-07-01 00:01:21.113209,XBTUSD,Buy,6390.0,17500,0+
2018-07-01 00:01:21.944423,XBTUSD,Sell,6389.5,19,--
2018-07-01 00:01:22.278810,XBTUSD,Buy,6390.0,98102,++
2018-07-01 00:01:23.095119,XBTUSD,Buy,6390.5,500,++
2018-07-01 00:01:23.118567,XBTUSD,Buy,6390.5,44,0+
2018-07-01 00:01:25.443104,XBTUSD,Buy,6390.5,2500,0+
2018-07-01 00:01:25.580675,XBTUSD,Sell,6390.0,10,--
2018-07-01 00:01:26.109862,XBTUSD,Buy,6390.5,1000,++
2018-07-01 00:01:27.319575,XBTUSD,Buy,6390.5,7321,0+
2018-07-01 00:01:27.319575,XBTUSD,Buy,6391.0,37295,++
2018-07-01 00:01:27.771168,XBTUSD,Buy,6391.0,7900,0+
2018-07-01 00:01:28.020308,XBTUSD,Sell,6390.5,5000,--
2018-07-01 00:01:28.426530,XBTUSD,Buy,6391.0,500,++
2018-07-01 00:01:28.890669,XBTUSD,Buy,6391.0,100,0+
2018-07-01 00:01:28.942761,XBTUSD,Sell,6390.5,500,--
2018-07-01 00:01:29.036441,XBTUSD,Buy,6391.0,1000,++
2018-07-01 00:01:29.197372,XBTUSD,Sell,6390.5,10,--
2018-07-01 00:01:29.516505,XBTUSD,Buy,6391.0,2000,++
2018-07-01 00:01:30.897384,XBTUSD,Buy,6391.0,38008,0+
2018-07-01 00:01:30.897384,XBTUSD,Buy,6391.5,15061,++
2018-07-01 00:01:30.897384,XBTUSD,Buy,6392.0,23515,++
2018-07-01 00:01:30.897384,XBTUSD,Buy,6392.5,8535,++
2018-07-01 00:01:30.897384,XBTUSD,Buy,6393.0,4881,++
2018-07-01 00:01:31.544995,XBTUSD,Sell,6392.5,300,--
2018-07-01 00:01:31.610670,XBTUSD,Buy,6393.0,100,++
2018-07-01 00:01:31.965778,XBTUSD,Buy,6393.0,50000,0+
2018-07-01 00:01:32.148822,XBTUSD,Buy,6393.0,128,0+
2018-07-01 00:01:32.497441,XBTUSD,Sell,6392.5,2000,--
2018-07-01 00:01:32.897923,XBTUSD,Sell,6392.5,1000,0-
2018-07-01 00:01:34.048996,XBTUSD,Buy,6393.0,150,++
2018-07-01 00:01:34.304854,XBTUSD,Buy,6393.0,15,0+
2018-07-01 00:01:36.213160,XBTUSD,Buy,6393.0,140,0+
2018-07-01 00:01:37.892172,XBTUSD,Buy,6393.0,250,0+
2018-07-01 00:01:38.135421,XBTUSD,Buy,6393.0,1,0+
2018-07-01 00:01:38.326296,XBTUSD,Buy,6393.0,100,0+
2018-07-01 00:01:39.399799,XBTUSD,Buy,6393.0,150,0+
2018-07-01 00:01:39.742478,XBTUSD,Buy,6393.0,10000,0+
2018-07-01 00:01:40.155365,XBTUSD,Buy,6393.0,20000,0+
2018-07-01 00:01:40.352133,XBTUSD,Buy,6393.0,1300,0+
2018-07-01 00:01:41.379652,XBTUSD,Buy,6393.0,10000,0+
2018-07-01 00:01:42.822555,XBTUSD,Buy,6393.0,8800,0+
2018-07-01 00:01:43.288698,XBTUSD,Sell,6392.5,1000,--
2018-07-01 00:01:43.879486,XBTUSD,Sell,6392.5,500,0-
2018-07-01 00:01:44.596831,XBTUSD,Sell,6392.5,2000,0-
2018-07-01 00:01:44.848642,XBTUSD,Buy,6393.0,20000,++
2018-07-01 00:01:46.264725,XBTUSD,Sell,6392.5,4000,--
2018-07-01 00:01:46.613146,XBTUSD,Buy,6393.0,750,++
2018-07-01 00:01:48.348132,XBTUSD,Buy,6393.0,20000,0+
2018-07-01 00:01:48.758293,XBTUSD,Buy,6393.0,11500,0+
2018-07-01 00:01:49.148065,XBTUSD,Buy,6393.0,500,0+
2018-07-01 00:01:49.184350,XBTUSD,Buy,6393.0,4000,0+
2018-07-01 00:01:49.383273,XBTUSD,Buy,6393.0,1000,0+
2018-07-01 00:01:49.968592,XBTUSD,Sell,6392.5,2000,--
2018-07-01 00:01:50.588701,XBTUSD,Buy,6393.0,1000,++
2018-07-01 00:01:50.618584,XBTUSD,Sell,6392.5,500,--
2018-07-01 00:01:50.804543,XBTUSD,Buy,6393.0,5000,++
2018-07-01 00:01:52.103366,XBTUSD,Buy,6393.0,150,0+
2018-07-01 00:01:54.200419,XBTUSD,Buy,6393.0,632838,0+
2018-07-01 00:01:54.200419,XBTUSD,Buy,6393.5,51546,++
2018-07-01 00:01:54.200419,XBTUSD,Buy,6394.0,231501,++
2018-07-01 00:01:54.200419,XBTUSD,Buy,6394.5,38261,++
2018-07-01 00:01:54.200419,XBTUSD,Buy,6395.0,160624,++
2018-07-01 00:01:54.200419,XBTUSD,Buy,6395.5,99621,++
2018-07-01 00:01:54.200419,XBTUSD,Buy,6396.0,35609,++
2018-07-01 00:01:54.592664,XBTUSD,Sell,6395.5,7,--
2018-07-01 00:01:54.794534,XBTUSD,Sell,6395.5,80,0-
2018-07-01 00:01:55.944557,XBTUSD,Buy,6396.0,11760,++
2018-07-01 00:01:56.006151,XBTUSD,Sell,6395.5,1000,--
2018-07-01 00:01:56.006151,XBTUSD,Buy,6396.0,15001,0+
2018-07-01 00:01:56.367039,XBTUSD,Sell,6395.5,75,--
2018-07-01 00:01:56.610541,XBTUSD,Sell,6395.5,80000,0-
2018-07-01 00:01:56.737987,XBTUSD,Buy,6396.0,27000,++
2018-07-01 00:01:56.754311,XBTUSD,Sell,6395.5,20000,--
2018-07-01 00:01:56.776866,XBTUSD,Buy,6396.0,150,++
2018-07-01 00:01:57.274905,XBTUSD,Sell,6395.5,122,--
2018-07-01 00:01:58.583944,XBTUSD,Sell,6395.5,30,0-
2018-07-01 00:01:58.966884,XBTUSD,Sell,6395.5,500,0-
2018-07-01 00:01:59.037434,XBTUSD,Sell,6395.5,2000,0-
2018-07-01 00:01:59.184923,XBTUSD,Buy,6396.0,3000,++
2018-07-01 00:01:59.708309,XBTUSD,Buy,6396.0,11500,0+
2018-07-01 00:02:01.279361,XBTUSD,Sell,6395.5,5,--
2018-07-01 00:02:01.444319,XBTUSD,Buy,6396.0,15000,++
2018-07-01 00:02:01.635723,XBTUSD,Buy,6396.0,90000,0+
2018-07-01 00:02:01.710550,XBTUSD,Buy,6396.0,641,0+
2018-07-01 00:02:02.230422,XBTUSD,Buy,6396.0,1000,0+
2018-07-01 00:02:03.928614,XBTUSD,Buy,6396.0,1000,0+
2018-07-01 00:02:03.963125,XBTUSD,Buy,6396.0,40795,0+
2018-07-01 00:02:04.005502,XBTUSD,Buy,6396.5,58316,++
2018-07-01 00:02:04.005502,XBTUSD,Buy,6397.0,55573,++
2018-07-01 00:02:04.005502,XBTUSD,Buy,6397.5,15704,++
2018-07-01 00:02:04.005502,XBTUSD,Buy,6398.0,20304,++
2018-07-01 00:02:04.005502,XBTUSD,Buy,6398.5,27594,++
2018-07-01 00:02:04.005502,XBTUSD,Buy,6399.0,34050,++
2018-07-01 00:02:04.005502,XBTUSD,Buy,6399.5,80952,++
2018-07-01 00:02:04.005502,XBTUSD,Buy,6400.0,532507,++
2018-07-01 00:02:04.067386,XBTUSD,Sell,6399.5,5000,--
2018-07-01 00:02:04.167438,XBTUSD,Buy,6400.0,76639,++
2018-07-01 00:02:04.167438,XBTUSD,Buy,6400.5,105627,++
2018-07-01 00:02:04.167438,XBTUSD,Buy,6401.0,5484,++
2018-07-01 00:02:04.752506,XBTUSD,Buy,6401.0,3000,0+
2018-07-01 00:02:05.958025,XBTUSD,Buy,6401.0,29800,0+
2018-07-01 00:02:06.026797,XBTUSD,Sell,6400.5,1,--
2018-07-01 00:02:06.026797,XBTUSD,Buy,6401.0,1500,0+
2018-07-01 00:02:06.316292,XBTUSD,Buy,6401.0,5000,++
2018-07-01 00:02:06.499774,XBTUSD,Buy,6401.0,8412,0+
2018-07-01 00:02:06.556989,XBTUSD,Sell,6400.5,15,--
2018-07-01 00:02:06.660537,XBTUSD,Buy,6401.0,501,++
2018-07-01 00:02:06.769417,XBTUSD,Sell,6400.5,24,--
2018-07-01 00:02:06.791716,XBTUSD,Buy,6401.0,1000,++
2018-07-01 00:02:06.877252,XBTUSD,Sell,6400.5,30,--
2018-07-01 00:02:07.072984,XBTUSD,Buy,6401.0,6000,++
2018-07-01 00:02:07.109692,XBTUSD,Buy,6401.0,3100,0+
2018-07-01 00:02:07.125290,XBTUSD,Sell,6400.5,160,--
2018-07-01 00:02:07.153365,XBTUSD,Buy,6401.0,2173,++
2018-07-01 00:02:07.190119,XBTUSD,Buy,6401.0,2000,0+
2018-07-01 00:02:07.258767,XBTUSD,Buy,6401.0,80923,0+
2018-07-01 00:02:07.258767,XBTUSD,Buy,6401.5,116,++
2018-07-01 00:02:07.258767,XBTUSD,Buy,6402.0,12360,++
2018-07-01 00:02:07.258767,XBTUSD,Buy,6402.5,1360,++
2018-07-01 00:02:07.258767,XBTUSD,Buy,6403.0,5241,++
2018-07-01 00:02:07.513922,XBTUSD,Buy,6401.0,223,--
2018-07-01 00:02:07.513922,XBTUSD,Buy,6401.5,7000,++
2018-07-01 00:02:07.513922,XBTUSD,Buy,6403.0,2377,++
2018-07-01 00:02:07.513922,XBTUSD,Buy,6403.5,2518,++
2018-07-01 00:02:07.513922,XBTUSD,Buy,6404.0,37882,++
2018-07-01 00:02:08.389559,XBTUSD,Sell,6400.5,5000,--
2018-07-01 00:02:08.698135,XBTUSD,Buy,6403.0,1000,++
2018-07-01 00:02:08.698135,XBTUSD,Buy,6404.0,9000,++
2018-07-01 00:02:08.927738,XBTUSD,Sell,6402.5,2000,--
2018-07-01 00:02:09.074417,XBTUSD,Buy,6403.5,147,++
2018-07-01 00:02:09.074417,XBTUSD,Buy,6404.0,4853,++
2018-07-01 00:02:09.327676,XBTUSD,Buy,6404.0,6200,0+
2018-07-01 00:02:09.544367,XBTUSD,Buy,6404.0,7500,0+
2018-07-01 00:02:09.741265,XBTUSD,Buy,6404.0,483,0+
2018-07-01 00:02:09.741265,XBTUSD,Buy,6404.5,5249,++
2018-07-01 00:02:09.741265,XBTUSD,Buy,6405.0,4268,++
2018-07-01 00:02:10.926501,XBTUSD,Sell,6403.5,99,--
2018-07-01 00:02:10.926501,XBTUSD,Buy,6405.0,400,0+
2018-07-01 00:02:11.092843,XBTUSD,Buy,6405.0,6000,++
2018-07-01 00:02:11.267161,XBTUSD,Buy,6405.0,10000,0+
2018-07-01 00:02:11.295861,XBTUSD,Buy,6405.0,13900,0+
2018-07-01 00:02:12.225439,XBTUSD,Buy,6405.0,2000,0+
2018-07-01 00:02:12.313909,XBTUSD,Buy,6405.0,1600,0+
2018-07-01 00:02:12.377887,XBTUSD,Buy,6405.0,1916,0+
2018-07-01 00:02:12.497330,XBTUSD,Buy,6405.0,509,0+
2018-07-01 00:02:14.214053,XBTUSD,Sell,6404.5,10,--
2018-07-01 00:02:14.263592,XBTUSD,Buy,6405.0,25000,++
2018-07-01 00:02:14.364185,XBTUSD,Buy,6405.0,4000,0+
2018-07-01 00:02:14.474056,XBTUSD,Buy,6405.0,50000,0+
2018-07-01 00:02:14.532180,XBTUSD,Buy,6405.0,29874,0+
2018-07-01 00:02:14.568658,XBTUSD,Buy,6405.0,155,0+
2018-07-01 00:02:14.612717,XBTUSD,Buy,6405.0,1250,0+
2018-07-01 00:02:14.633600,XBTUSD,Buy,6405.0,6000,0+
2018-07-01 00:02:14.674055,XBTUSD,Buy,6405.0,276,0+
2018-07-01 00:02:14.691277,XBTUSD,Buy,6405.0,6000,0+
2018-07-01 00:02:14.748453,XBTUSD,Buy,6405.0,8000,0+
2018-07-01 00:02:14.844471,XBTUSD,Buy,6405.0,10000,0+
2018-07-01 00:02:15.938948,XBTUSD,Buy,6405.0,6000,0+
2018-07-01 00:02:16.516449,XBTUSD,Buy,6405.0,35599,0+
2018-07-01 00:02:16.516449,XBTUSD,Buy,6405.5,1401,++
2018-07-01 00:02:16.684879,XBTUSD,Buy,6405.0,1000,--
2018-07-01 00:02:16.833660,XBTUSD,Buy,6405.0,5000,0-
2018-07-01 00:02:17.019860,XBTUSD,Buy,6405.0,20,0-
2018-07-01 00:02:17.206299,XBTUSD,Sell,6404.5,5000,--
2018-07-01 00:02:17.275785,XBTUSD,Buy,6405.0,43710,++
2018-07-01 00:02:17.275785,XBTUSD,Buy,6405.5,163848,++
2018-07-01 00:02:17.275785,XBTUSD,Buy,6406.0,2399,++
2018-07-01 00:02:17.275785,XBTUSD,Buy,6406.5,13339,++
2018-07-01 00:02:17.275785,XBTUSD,Buy,6407.0,3634,++
2018-07-01 00:02:17.275785,XBTUSD,Buy,6407.5,70,++
2018-07-01 00:02:17.275785,XBTUSD,Buy,6408.0,32097,++
2018-07-01 00:02:17.275785,XBTUSD,Buy,6408.5,640,++
2018-07-01 00:02:17.275785,XBTUSD,Buy,6409.0,17799,++
2018-07-01 00:02:17.275785,XBTUSD,Buy,6409.5,1430,++
2018-07-01 00:02:17.275785,XBTUSD,Buy,6410.0,125779,++
2018-07-01 00:02:17.275785,XBTUSD,Buy,6410.5,1597,++
2018-07-01 00:02:17.275785,XBTUSD,Buy,6411.0,23024,++
2018-07-01 00:02:17.275785,XBTUSD,Buy,6411.5,32063,++
2018-07-01 00:02:17.275785,XBTUSD,Buy,6412.0,38571,++
2018-07-01 00:02:17.444694,XBTUSD,Buy,6412.0,6000,0+
2018-07-01 00:02:17.538168,XBTUSD,Buy,6412.0,5000,0+
2018-07-01 00:02:17.538168,XBTUSD,Buy,6412.5,25832,++
2018-07-01 00:02:17.538168,XBTUSD,Buy,6413.0,22087,++
2018-07-01 00:02:17.538168,XBTUSD,Buy,6413.5,109311,++
2018-07-01 00:02:17.538168,XBTUSD,Buy,6414.0,3827,++
2018-07-01 00:02:17.538168,XBTUSD,Buy,6414.5,53398,++
2018-07-01 00:02:17.538168,XBTUSD,Buy,6415.0,131282,++
2018-07-01 00:02:17.538168,XBTUSD,Buy,6415.5,535,++
2018-07-01 00:02:17.538168,XBTUSD,Buy,6416.0,34257,++
2018-07-01 00:02:17.538168,XBTUSD,Buy,6416.5,3925,++
2018-07-01 00:02:17.538168,XBTUSD,Buy,6417.0,10546,++
2018-07-01 00:02:18.801233,XBTUSD,Buy,6413.5,90,--
2018-07-01 00:02:18.801233,XBTUSD,Buy,6415.0,1200,++
2018-07-01 00:02:18.801233,XBTUSD,Buy,6417.0,53118,++
2018-07-01 00:02:18.845780,XBTUSD,Buy,6417.0,24000,0+
2018-07-01 00:02:18.900407,XBTUSD,Buy,6417.0,18293,0+
2018-07-01 00:02:18.900407,XBTUSD,Buy,6417.5,7307,++
2018-07-01 00:02:18.953931,XBTUSD,Buy,6417.5,7620,0+
2018-07-01 00:02:18.953931,XBTUSD,Buy,6418.0,7500,++
2018-07-01 00:02:19.057650,XBTUSD,Sell,6415.0,8000,--
2018-07-01 00:02:19.626038,XBTUSD,Sell,6413.5,3000,--
2018-07-01 00:02:19.673173,XBTUSD,Buy,6414.0,1200,++
2018-07-01 00:02:19.673173,XBTUSD,Buy,6415.0,8800,++
2018-07-01 00:02:19.824388,XBTUSD,Buy,6415.0,20000,0+
2018-07-01 00:02:19.849139,XBTUSD,Sell,6413.5,44,--
2018-07-01 00:02:19.873041,XBTUSD,Buy,6415.0,225,++
2018-07-01 00:02:19.873041,XBTUSD,Buy,6416.5,3815,++
2018-07-01 00:02:21.393281,XBTUSD,Sell,6415.0,180,--
2018-07-01 00:02:21.850583,XBTUSD,Buy,6416.0,800,++
2018-07-01 00:02:21.930359,XBTUSD,Buy,6416.0,10000,0+
2018-07-01 00:02:22.126183,XBTUSD,Sell,6415.5,500,--
2018-07-01 00:02:23.415770,XBTUSD,Buy,6416.0,14219,++
2018-07-01 00:02:23.415770,XBTUSD,Buy,6416.5,9685,++
2018-07-01 00:02:23.415770,XBTUSD,Buy,6417.0,1346,++
2018-07-01 00:02:23.415770,XBTUSD,Buy,6417.5,36563,++
2018-07-01 00:02:23.415770,XBTUSD,Buy,6418.0,37539,++
2018-07-01 00:02:23.415770,XBTUSD,Buy,6418.5,648,++
2018-07-01 00:02:23.529033,XBTUSD,Buy,6417.0,70,--
2018-07-01 00:02:23.529033,XBTUSD,Buy,6418.5,4930,++
2018-07-01 00:02:23.642335,XBTUSD,Sell,6416.0,250,--
2018-07-01 00:02:23.699203,XBTUSD,Buy,6418.0,200,++
2018-07-01 00:02:23.699203,XBTUSD,Buy,6418.5,1800,++
2018-07-01 00:02:23.810001,XBTUSD,Sell,6416.0,2000,--
2018-07-01 00:02:23.898256,XBTUSD,Buy,6416.5,499,++
2018-07-01 00:02:23.898256,XBTUSD,Buy,6418.5,4501,++
2018-07-01 00:02:23.991586,XBTUSD,Buy,6418.5,50,0+
2018-07-01 00:02:24.005487,XBTUSD,Sell,6416.0,70,--
2018-07-01 00:02:24.045384,XBTUSD,Buy,6418.5,250,++
2018-07-01 00:02:24.585484,XBTUSD,Buy,6418.5,10,0+
2018-07-01 00:02:24.609371,XBTUSD,Buy,6418.5,400,0+
2018-07-01 00:02:24.682913,XBTUSD,Buy,6418.5,12000,0+
2018-07-01 00:02:24.881004,XBTUSD,Buy,6418.5,40,0+
2018-07-01 00:02:25.047101,XBTUSD,Buy,6418.5,4000,0+
2018-07-01 00:02:28.274403,XBTUSD,Sell,6418.0,10,--
2018-07-01 00:02:28.295870,XBTUSD,Buy,6418.5,211683,++
2018-07-01 00:02:28.295870,XBTUSD,Buy,6419.0,30282,++
2018-07-01 00:02:28.295870,XBTUSD,Buy,6419.5,12014,++
2018-07-01 00:02:28.295870,XBTUSD,Buy,6420.0,246021,++
2018-07-01 00:02:28.687105,XBTUSD,Sell,6418.0,150000,--
2018-07-01 00:02:28.725629,XBTUSD,Buy,6418.5,5555,++
2018-07-01 00:02:28.891179,XBTUSD,Buy,6418.5,105,0+
2018-07-01 00:02:28.937639,XBTUSD,Buy,6418.5,5000,0+
2018-07-01 00:02:29.029154,XBTUSD,Sell,6418.0,2070,--
2018-07-01 00:02:29.135960,XBTUSD,Buy,6418.5,9000,++
2018-07-01 00:02:29.253980,XBTUSD,Sell,6418.0,44,--
2018-07-01 00:02:29.291993,XBTUSD,Buy,6418.5,1001,++
2018-07-01 00:02:29.455349,XBTUSD,Buy,6418.5,10,0+
2018-07-01 00:02:29.561441,XBTUSD,Buy,6418.5,150000,0+
2018-07-01 00:02:29.580006,XBTUSD,Buy,6418.5,21000,0+
2018-07-01 00:02:29.603160,XBTUSD,Buy,6418.5,5555,0+
2018-07-01 00:02:29.666500,XBTUSD,Sell,6418.0,20,--
2018-07-01 00:02:29.691922,XBTUSD,Sell,6418.0,2000,0-
2018-07-01 00:02:29.730468,XBTUSD,Sell,6418.0,58,0-
2018-07-01 00:02:29.808640,XBTUSD,Buy,6418.5,1000,++
2018-07-01 00:02:29.996218,XBTUSD,Buy,6418.5,1300,0+
2018-07-01 00:02:30.031290,XBTUSD,Buy,6418.5,450,0+
2018-07-01 00:02:31.509321,XBTUSD,Sell,6418.0,1000,--
2018-07-01 00:02:32.144712,XBTUSD,Sell,6418.0,6419,0-
2018-07-01 00:02:32.163794,XBTUSD,Sell,6418.0,6418,0-
2018-07-01 00:02:32.201889,XBTUSD,Buy,6418.5,10000,++
2018-07-01 00:02:32.212511,XBTUSD,Buy,6418.5,115,0+
2018-07-01 00:02:32.314109,XBTUSD,Sell,6418.0,1000,--
2018-07-01 00:02:32.539377,XBTUSD,Buy,6418.5,5000,++
2018-07-01 00:02:33.836503,XBTUSD,Sell,6416.0,14877,--
2018-07-01 00:02:33.836503,XBTUSD,Sell,6416.5,27,--
2018-07-01 00:02:33.836503,XBTUSD,Sell,6417.0,28997,--
2018-07-01 00:02:33.836503,XBTUSD,Sell,6417.5,20000,--
2018-07-01 00:02:33.836503,XBTUSD,Sell,6418.0,169934,--
2018-07-01 00:02:33.862493,XBTUSD,Sell,6415.5,250,--
2018-07-01 00:02:33.946437,XBTUSD,Buy,6416.0,5000,++
2018-07-01 00:02:33.977704,XBTUSD,Buy,6416.0,1000,0+
2018-07-01 00:02:34.011418,XBTUSD,Sell,6415.5,5000,--
2018-07-01 00:02:34.029557,XBTUSD,Buy,6416.0,10000,++
2018-07-01 00:02:34.041534,XBTUSD,Sell,6415.5,8800,--
2018-07-01 00:02:34.182399,XBTUSD,Sell,6414.0,10888,--
2018-07-01 00:02:34.182399,XBTUSD,Sell,6414.5,23409,--
2018-07-01 00:02:34.182399,XBTUSD,Sell,6415.0,38699,--
2018-07-01 00:02:34.182399,XBTUSD,Sell,6415.5,911,0-
2018-07-01 00:02:34.243428,XBTUSD,Buy,6414.0,17000,0-
2018-07-01 00:02:34.347747,XBTUSD,Buy,6414.0,9118,0-
2018-07-01 00:02:34.347747,XBTUSD,Buy,6415.5,20,++
2018-07-01 00:02:34.347747,XBTUSD,Buy,6416.0,70862,++
2018-07-01 00:02:34.392875,XBTUSD,Sell,6413.5,5000,--
2018-07-01 00:02:34.469496,XBTUSD,Sell,6415.5,1200,++
2018-07-01 00:02:34.575338,XBTUSD,Buy,6414.5,15000,--
2018-07-01 00:02:34.708647,XBTUSD,Sell,6413.5,11500,--
2018-07-01 00:02:34.778144,XBTUSD,Buy,6414.5,1000,++
2018-07-01 00:02:34.869410,XBTUSD,Buy,6414.5,17,0+
2018-07-01 00:02:34.899207,XBTUSD,Buy,6414.5,10000,0+
2018-07-01 00:02:34.949588,XBTUSD,Sell,6413.5,20000,--
2018-07-01 00:02:34.986995,XBTUSD,Sell,6413.5,20000,0-
2018-07-01 00:02:35.007334,XBTUSD,Sell,6413.5,200,0-
2018-07-01 00:02:35.017963,XBTUSD,Sell,6413.5,1000,0-
2018-07-01 00:02:35.976224,XBTUSD,Sell,6413.0,12038,--
2018-07-01 00:02:35.976224,XBTUSD,Sell,6413.5,7962,0-
2018-07-01 00:02:36.012928,XBTUSD,Sell,6413.0,4500,0-
2018-07-01 00:02:36.038296,XBTUSD,Buy,6414.5,25477,++
2018-07-01 00:02:36.038296,XBTUSD,Buy,6415.0,900,++
2018-07-01 00:02:36.038296,XBTUSD,Buy,6415.5,25,++
2018-07-01 00:02:36.038296,XBTUSD,Buy,6416.0,3898,++
2018-07-01 00:02:36.145631,XBTUSD,Sell,6414.0,1000,--
2018-07-01 00:02:36.214840,XBTUSD,Buy,6414.5,169,++
2018-07-01 00:02:36.214840,XBTUSD,Buy,6416.0,3831,++
2018-07-01 00:02:36.240999,XBTUSD,Buy,6416.0,1210,0+
2018-07-01 00:02:36.468207,XBTUSD,Sell,6413.5,13900,--
2018-07-01 00:02:36.468207,XBTUSD,Sell,6414.0,6100,--
2018-07-01 00:02:36.490992,XBTUSD,Buy,6416.0,980000,++
2018-07-01 00:02:36.568295,XBTUSD,Sell,6413.5,44,--
2018-07-01 00:02:36.659352,XBTUSD,Sell,6413.0,19445,--
2018-07-01 00:02:36.659352,XBTUSD,Sell,6413.5,555,0-
2018-07-01 00:02:36.951669,XBTUSD,Sell,6412.0,628,--
2018-07-01 00:02:36.951669,XBTUSD,Sell,6412.5,372,--
2018-07-01 00:02:37.000925,XBTUSD,Buy,6414.0,160,++
2018-07-01 00:02:37.016916,XBTUSD,Sell,6412.0,70,--
2018-07-01 00:02:37.850214,XBTUSD,Buy,6414.0,40000,++
2018-07-01 00:02:38.503900,XBTUSD,Sell,6412.0,628,--
2018-07-01 00:02:38.531127,XBTUSD,Buy,6412.0,124372,0-
2018-07-01 00:02:38.531127,XBTUSD,Buy,6414.0,75628,++
2018-07-01 00:02:38.580804,XBTUSD,Buy,6414.0,500,0+
2018-07-01 00:02:38.594214,XBTUSD,Sell,6411.5,200,--
2018-07-01 00:02:38.611714,XBTUSD,Buy,6414.0,2000,++
2018-07-01 00:02:38.627550,XBTUSD,Sell,6411.5,900,--
2018-07-01 00:02:38.655566,XBTUSD,Sell,6411.5,2000,0-
2018-07-01 00:02:38.679296,XBTUSD,Buy,6414.0,3777,++
2018-07-01 00:02:38.698587,XBTUSD,Sell,6410.5,9526,--
2018-07-01 00:02:38.698587,XBTUSD,Sell,6411.0,18459,--
2018-07-01 00:02:38.698587,XBTUSD,Sell,6411.5,5015,--
2018-07-01 00:02:38.729367,XBTUSD,Sell,6410.5,1000,0-
2018-07-01 00:02:38.785495,XBTUSD,Sell,6410.5,10,0-
2018-07-01 00:02:38.980937,XBTUSD,Sell,6410.5,10000,0-
2018-07-01 00:02:39.001332,XBTUSD,Sell,6410.5,250,0-
2018-07-01 00:02:39.137413,XBTUSD,Buy,6412.0,500,++
2018-07-01 00:02:39.198693,XBTUSD,Sell,6410.5,1300,--
2018-07-01 00:02:39.482408,XBTUSD,Sell,6410.5,3000,0-
2018-07-01 00:02:39.677744,XBTUSD,Sell,6410.5,500,0-
2018-07-01 00:02:39.724323,XBTUSD,Sell,6410.5,1000,0-
2018-07-01 00:02:39.846886,XBTUSD,Sell,6410.5,960,0-
2018-07-01 00:02:39.868315,XBTUSD,Sell,6410.5,5800,0-
2018-07-01 00:02:39.883465,XBTUSD,Sell,6410.5,19000,0-
2018-07-01 00:02:41.032041,XBTUSD,Sell,6410.5,6000,0-
2018-07-01 00:02:41.374059,XBTUSD,Sell,6410.5,10000,0-
2018-07-01 00:02:41.457502,XBTUSD,Sell,6410.5,500,0-
2018-07-01 00:02:41.573769,XBTUSD,Sell,6408.5,8800,--
2018-07-01 00:02:41.573769,XBTUSD,Sell,6409.0,1492,--
2018-07-01 00:02:41.573769,XBTUSD,Sell,6409.5,500,--
2018-07-01 00:02:41.573769,XBTUSD,Sell,6410.0,851,--
2018-07-01 00:02:41.573769,XBTUSD,Sell,6410.5,13357,0-
2018-07-01 00:02:41.641103,XBTUSD,Sell,6408.0,159,--
2018-07-01 00:02:41.641103,XBTUSD,Sell,6408.5,841,0-
2018-07-01 00:02:41.683311,XBTUSD,Sell,6408.0,10900,0-
2018-07-01 00:02:41.768024,XBTUSD,Sell,6408.0,28000,0-
2018-07-01 00:02:41.807479,XBTUSD,Sell,6408.0,50,0-
2018-07-01 00:02:41.834063,XBTUSD,Sell,6407.5,46018,--
2018-07-01 00:02:41.834063,XBTUSD,Sell,6408.0,982,0-
2018-07-01 00:02:41.860810,XBTUSD,Buy,6411.0,184121,++
2018-07-01 00:02:41.992120,XBTUSD,Sell,6407.5,1950,--
2018-07-01 00:02:41.992120,XBTUSD,Sell,6410.5,50,--
2018-07-01 00:02:42.008389,XBTUSD,Sell,6407.5,3000,0-
2018-07-01 00:02:42.050942,XBTUSD,Sell,6407.5,2000,0-
2018-07-01 00:02:42.097522,XBTUSD,Sell,6407.5,270,0-
2018-07-01 00:02:42.227722,XBTUSD,Sell,6407.5,45033,0-
2018-07-01 00:02:42.340954,XBTUSD,Sell,6407.5,550,0-
2018-07-01 00:02:43.663163,XBTUSD,Sell,6406.5,4774,--
2018-07-01 00:02:43.663163,XBTUSD,Sell,6407.0,226,--
2018-07-01 00:02:43.804098,XBTUSD,Buy,6407.0,374,++
2018-07-01 00:02:43.804098,XBTUSD,Buy,6408.0,626,++
2018-07-01 00:02:43.850550,XBTUSD,Buy,6408.0,13987,0+
2018-07-01 00:02:44.183652,XBTUSD,Sell,6406.5,12000,--
2018-07-01 00:02:44.205519,XBTUSD,Sell,6406.5,2000,0-
2018-07-01 00:02:44.239286,XBTUSD,Sell,6406.5,1000,0-
2018-07-01 00:02:44.439705,XBTUSD,Buy,6407.0,5000,++
2018-07-01 00:02:44.583464,XBTUSD,Buy,6407.0,2,0+
2018-07-01 00:02:44.605158,XBTUSD,Sell,6406.5,150,--
2018-07-01 00:02:44.622910,XBTUSD,Sell,6406.5,5000,0-
2018-07-01 00:02:44.903462,XBTUSD,Sell,6406.5,12000,0-
2018-07-01 00:02:46.273384,XBTUSD,Sell,6406.5,10000,0-
2018-07-01 00:02:46.370934,XBTUSD,Sell,6406.5,1600,0-
2018-07-01 00:02:46.560553,XBTUSD,Sell,6406.5,1000,0-
2018-07-01 00:02:46.772873,XBTUSD,Buy,6407.0,61,++
2018-07-01 00:02:46.810506,XBTUSD,Sell,6406.5,300,--
2018-07-01 00:02:46.859202,XBTUSD,Sell,6406.5,5000,0-
2018-07-01 00:02:46.879853,XBTUSD,Sell,6406.5,500,0-
2018-07-01 00:02:46.910794,XBTUSD,Sell,6406.5,250000,0-
2018-07-01 00:02:46.939649,XBTUSD,Sell,6406.5,5555,0-
2018-07-01 00:02:46.969222,XBTUSD,Sell,6406.5,1000,0-
2018-07-01 00:02:47.072625,XBTUSD,Buy,6407.0,2500,++
2018-07-01 00:02:47.082983,XBTUSD,Buy,6407.0,3000,0+
2018-07-01 00:02:47.125420,XBTUSD,Sell,6406.5,35000,--
2018-07-01 00:02:47.144035,XBTUSD,Sell,6406.5,4500,0-
2018-07-01 00:02:47.160202,XBTUSD,Sell,6406.5,4000,0-
2018-07-01 00:02:47.317901,XBTUSD,Sell,6406.5,10,0-
2018-07-01 00:02:47.528235,XBTUSD,Buy,6407.0,500,++
2018-07-01 00:02:49.347305,XBTUSD,Sell,6406.5,4000,--
2018-07-01 00:02:49.460311,XBTUSD,Buy,6407.0,400000,++
2018-07-01 00:02:49.592083,XBTUSD,Sell,6406.5,2000,--
2018-07-01 00:02:49.634955,XBTUSD,Buy,6407.0,1500,++
2018-07-01 00:02:49.679586,XBTUSD,Sell,6406.5,115,--
2018-07-01 00:02:49.793676,XBTUSD,Sell,6406.5,5000,0-
2018-07-01 00:02:49.831662,XBTUSD,Buy,6407.0,200,++
2018-07-01 00:02:49.893009,XBTUSD,Buy,6407.0,150000,0+
2018-07-01 00:02:49.940534,XBTUSD,Buy,6407.0,40000,0+
2018-07-01 00:02:50.011857,XBTUSD,Sell,6406.5,1312,--
2018-07-01 00:02:50.036149,XBTUSD,Sell,6406.5,5000,0-
2018-07-01 00:02:51.017994,XBTUSD,Sell,6406.5,500,0-
2018-07-01 00:02:51.251775,XBTUSD,Buy,6407.0,3000,++
2018-07-01 00:02:51.443724,XBTUSD,Sell,6406.5,5000,--
2018-07-01 00:02:51.530576,XBTUSD,Sell,6406.5,58300,0-
2018-07-01 00:02:51.544712,XBTUSD,Sell,6406.5,1000,0-
2018-07-01 00:02:51.562392,XBTUSD,Sell,6406.5,2500,0-
2018-07-01 00:02:51.602020,XBTUSD,Sell,6406.5,1312,0-
2018-07-01 00:02:51.791644,XBTUSD,Sell,6406.5,1000,0-
2018-07-01 00:02:51.989515,XBTUSD,Sell,6406.5,1000,0-
2018-07-01 00:02:52.002344,XBTUSD,Sell,6406.5,30000,0-
2018-07-01 00:02:52.300335,XBTUSD,Sell,6406.5,10,0-
2018-07-01 00:02:52.326757,XBTUSD,Sell,6406.5,1200,0-
2018-07-01 00:02:53.799858,XBTUSD,Sell,6406.5,30000,0-
2018-07-01 00:02:53.908984,XBTUSD,Sell,6406.5,100,0-
2018-07-01 00:02:53.938777,XBTUSD,Sell,6406.5,700,0-
2018-07-01 00:02:53.973909,XBTUSD,Sell,6406.5,1000,0-
2018-07-01 00:02:54.185128,XBTUSD,Sell,6406.5,10,0-
2018-07-01 00:02:54.284197,XBTUSD,Sell,6406.5,1312,0-
2018-07-01 00:02:54.354683,XBTUSD,Sell,6406.5,10000,0-
2018-07-01 00:02:54.380036,XBTUSD,Sell,6406.5,5000,0-
2018-07-01 00:02:54.396803,XBTUSD,Sell,6406.5,250,0-
2018-07-01 00:02:54.651384,XBTUSD,Sell,6406.5,10,0-
2018-07-01 00:02:54.691020,XBTUSD,Sell,6406.5,1000,0-
2018-07-01 00:02:54.861388,XBTUSD,Sell,6406.5,1500,0-
2018-07-01 00:02:54.939913,XBTUSD,Sell,6406.5,11300,0-
2018-07-01 00:02:54.952125,XBTUSD,Sell,6406.5,500,0-
2018-07-01 00:02:56.156065,XBTUSD,Sell,6406.5,2000,0-
2018-07-01 00:02:56.259779,XBTUSD,Sell,6406.5,30000,0-
2018-07-01 00:02:56.276958,XBTUSD,Buy,6407.0,1916,++
2018-07-01 00:02:56.338719,XBTUSD,Buy,6407.0,6000,0+
2018-07-01 00:02:56.352611,XBTUSD,Sell,6406.5,500,--
2018-07-01 00:02:56.429370,XBTUSD,Buy,6407.0,50000,++
2018-07-01 00:02:56.490699,XBTUSD,Buy,6407.0,6361,0+
2018-07-01 00:02:56.522240,XBTUSD,Sell,6406.5,10,--
2018-07-01 00:02:56.558317,XBTUSD,Buy,6407.0,5000,++
2018-07-01 00:02:56.599922,XBTUSD,Buy,6407.0,6000,0+
2018-07-01 00:02:56.688921,XBTUSD,Buy,6407.5,2175,++
2018-07-01 00:02:56.688921,XBTUSD,Buy,6408.0,57825,++
2018-07-01 00:02:56.762171,XBTUSD,Buy,6408.0,200,0+
2018-07-01 00:02:56.801767,XBTUSD,Sell,6407.0,1000,--
2018-07-01 00:02:57.010355,XBTUSD,Sell,6407.5,1000,++
2018-07-01 00:02:58.984593,XBTUSD,Sell,6407.5,27,0+
2018-07-01 00:02:59.010854,XBTUSD,Sell,6407.5,25,0+
2018-07-01 00:02:59.282362,XBTUSD,Buy,6408.0,47,++
2018-07-01 00:02:59.365995,XBTUSD,Sell,6407.5,30000,--
2018-07-01 00:02:59.389237,XBTUSD,Buy,6408.0,100,++
2018-07-01 00:02:59.401015,XBTUSD,Sell,6407.5,10000,--
2018-07-01 00:02:59.445016,XBTUSD,Buy,6408.0,13000,++
2018-07-01 00:02:59.580375,XBTUSD,Sell,6407.5,10,--
2018-07-01 00:02:59.872923,XBTUSD,Buy,6408.0,46,++
2018-07-01 00:03:00.006566,XBTUSD,Sell,6407.5,250,--
2018-07-01 00:03:00.040121,XBTUSD,Buy,6408.0,100,++
2018-07-01 00:03:01.917418,XBTUSD,Buy,6408.0,2300,0+
2018-07-01 00:03:01.938089,XBTUSD,Buy,6408.0,89769,0+
2018-07-01 00:03:01.938089,XBTUSD,Buy,6409.0,2102,++
2018-07-01 00:03:01.938089,XBTUSD,Buy,6409.5,48338,++
2018-07-01 00:03:01.938089,XBTUSD,Buy,6410.0,9791,++
2018-07-01 00:03:02.176149,XBTUSD,Sell,6409.5,75,--
2018-07-01 00:03:02.212507,XBTUSD,Buy,6410.0,500,++
2018-07-01 00:03:02.267471,XBTUSD,Sell,6409.5,30,--
2018-07-01 00:03:02.328788,XBTUSD,Sell,6409.5,22,0-
2018-07-01 00:03:02.404077,XBTUSD,Sell,6409.5,5000,0-
2018-07-01 00:03:02.519577,XBTUSD,Sell,6409.5,10000,0-
2018-07-01 00:03:02.534839,XBTUSD,Sell,6409.5,10000,0-
2018-07-01 00:03:03.632420,XBTUSD,Buy,6410.0,17000,++
2018-07-01 00:03:03.815110,XBTUSD,Sell,6409.5,20,--
2018-07-01 00:03:03.932282,XBTUSD,Sell,6409.5,27,0-
2018-07-01 00:03:04.037863,XBTUSD,Buy,6410.0,10000,++
2018-07-01 00:03:04.258804,XBTUSD,Sell,6409.5,200,--
2018-07-01 00:03:04.339541,XBTUSD,Buy,6410.0,3200,++
2018-07-01 00:03:04.372873,XBTUSD,Sell,6409.5,13000,--
2018-07-01 00:03:04.490957,XBTUSD,Sell,6409.5,16,0-
2018-07-01 00:03:04.977625,XBTUSD,Buy,6410.0,10000,++
2018-07-01 00:03:06.045921,XBTUSD,Sell,6409.5,500,--
2018-07-01 00:03:06.332533,XBTUSD,Buy,6410.0,1000,++
2018-07-01 00:03:06.592536,XBTUSD,Sell,6409.5,3000,--
2018-07-01 00:03:06.648278,XBTUSD,Sell,6409.5,100,0-
2018-07-01 00:03:06.663363,XBTUSD,Buy,6410.0,20000,++
2018-07-01 00:03:06.678972,XBTUSD,Buy,6410.0,8000,0+
2018-07-01 00:03:06.704514,XBTUSD,Sell,6409.5,2400,--
2018-07-01 00:03:06.918665,XBTUSD,Buy,6410.0,49,++
2018-07-01 00:03:06.971197,XBTUSD,Buy,6410.0,1000,0+
2018-07-01 00:03:07.098887,XBTUSD,Buy,6410.0,2000,0+
2018-07-01 00:03:07.480915,XBTUSD,Sell,6409.5,200,--
2018-07-01 00:03:07.498975,XBTUSD,Sell,6409.5,10,0-
2018-07-01 00:03:08.752720,XBTUSD,Buy,6410.0,20000,++
2018-07-01 00:03:08.798791,XBTUSD,Buy,6410.0,25000,0+
2018-07-01 00:03:09.184671,XBTUSD,Buy,6410.0,201,0+
2018-07-01 00:03:09.541091,XBTUSD,Buy,6410.0,100,0+
2018-07-01 00:03:11.203046,XBTUSD,Sell,6409.5,10,--
2018-07-01 00:03:12.443272,XBTUSD,Sell,6409.5,800,0-
2018-07-01 00:03:13.042113,XBTUSD,Buy,6410.0,60000,++
2018-07-01 00:03:13.086644,XBTUSD,Sell,6409.5,1000,--
2018-07-01 00:03:13.186260,XBTUSD,Buy,6410.0,1200,++
2018-07-01 00:03:13.203533,XBTUSD,Buy,6410.0,30000,0+
2018-07-01 00:03:13.319408,XBTUSD,Sell,6409.5,1000,--
2018-07-01 00:03:13.502413,XBTUSD,Sell,6409.5,3000,0-
2018-07-01 00:03:13.716798,XBTUSD,Sell,6409.5,800,0-
2018-07-01 00:03:13.964499,XBTUSD,Sell,6409.5,1000,0-
2018-07-01 00:03:13.977958,XBTUSD,Sell,6409.5,5000,0-
2018-07-01 00:03:13.992400,XBTUSD,Sell,6409.5,1000,0-
2018-07-01 00:03:14.185988,XBTUSD,Buy,6410.0,2790,++
2018-07-01 00:03:14.217677,XBTUSD,Buy,6410.0,20000,0+
2018-07-01 00:03:14.258891,XBTUSD,Buy,6410.0,500,0+
2018-07-01 00:03:15.942373,XBTUSD,Sell,6409.5,356,--
2018-07-01 00:03:15.996649,XBTUSD,Sell,6409.5,100,0-
2018-07-01 00:03:16.015547,XBTUSD,Sell,6409.5,7500,0-
2018-07-01 00:03:16.225223,XBTUSD,Sell,6409.5,25000,0-
2018-07-01 00:03:16.240590,XBTUSD,Sell,6409.5,50000,0-
2018-07-01 00:03:16.294787,XBTUSD,Buy,6410.0,1,++
2018-07-01 00:03:16.308179,XBTUSD,Sell,6409.5,25934,--
2018-07-01 00:03:16.383862,XBTUSD,Sell,6409.0,1000,--
2018-07-01 00:03:16.399609,XBTUSD,Buy,6409.5,1400,++
2018-07-01 00:03:16.414690,XBTUSD,Sell,6408.5,4877,--
2018-07-01 00:03:16.414690,XBTUSD,Sell,6409.0,3478,--
2018-07-01 00:03:16.450248,XBTUSD,Sell,6408.5,1000,0-
2018-07-01 00:03:16.483888,XBTUSD,Sell,6408.5,500,0-
2018-07-01 00:03:16.505731,XBTUSD,Buy,6409.0,1500,++
2018-07-01 00:03:16.589084,XBTUSD,Sell,6408.5,10,--
2018-07-01 00:03:16.601492,XBTUSD,Buy,6409.0,4500,++
2018-07-01 00:03:16.727110,XBTUSD,Sell,6408.0,7912,--
2018-07-01 00:03:16.727110,XBTUSD,Sell,6408.5,7460,--
2018-07-01 00:03:16.965243,XBTUSD,Sell,6408.0,20000,0-
2018-07-01 00:03:17.146692,XBTUSD,Buy,6408.5,1000,++
2018-07-01 00:03:17.271417,XBTUSD,Sell,6408.0,1000,--
2018-07-01 00:03:18.532775,XBTUSD,Sell,6408.0,3333,0-
2018-07-01 00:03:18.598911,XBTUSD,Sell,6408.0,2000,0-
2018-07-01 00:03:18.751486,XBTUSD,Sell,6408.0,50,0-
2018-07-01 00:03:19.009495,XBTUSD,Buy,6408.5,90000,++
2018-07-01 00:03:19.361229,XBTUSD,Sell,6408.0,5000,--
2018-07-01 00:03:19.376030,XBTUSD,Sell,6408.0,1000,0-
2018-07-01 00:03:19.385714,XBTUSD,Sell,6408.0,50,0-
2018-07-01 00:03:19.482057,XBTUSD,Sell,6408.0,7000,0-
2018-07-01 00:03:19.508838,XBTUSD,Sell,6408.0,450,0-
2018-07-01 00:03:19.530025,XBTUSD,Sell,6408.0,150000,0-
2018-07-01 00:03:19.558491,XBTUSD,Sell,6408.0,15534,0-
2018-07-01 00:03:19.817355,XBTUSD,Sell,6408.0,10,0-
2018-07-01 00:03:19.899571,XBTUSD,Sell,6408.0,18000,0-
2018-07-01 00:03:20.160933,XBTUSD,Sell,6408.0,200,0-
2018-07-01 00:03:20.362774,XBTUSD,Sell,6408.0,300,0-
2018-07-01 00:03:20.407829,XBTUSD,Sell,6408.0,50,0-
2018-07-01 00:03:20.833410,XBTUSD,Sell,6408.0,700,0-
2018-07-01 00:03:20.897071,XBTUSD,Sell,6408.0,1312,0-
2018-07-01 00:03:21.164196,XBTUSD,Buy,6408.5,100,++
2018-07-01 00:03:21.478048,XBTUSD,Sell,6408.0,1500,--
2018-07-01 00:03:21.668913,XBTUSD,Sell,6408.0,3000,0-
2018-07-01 00:03:22.039690,XBTUSD,Sell,6408.0,2106,0-
2018-07-01 00:03:22.166428,XBTUSD,Buy,6408.0,197977,0-
2018-07-01 00:03:22.522939,XBTUSD,Buy,6408.0,7200,0-
2018-07-01 00:03:23.112614,XBTUSD,Sell,6406.0,2024,--
2018-07-01 00:03:23.112614,XBTUSD,Sell,6406.5,1139,--
2018-07-01 00:03:23.112614,XBTUSD,Sell,6407.0,4233,--
2018-07-01 00:03:23.112614,XBTUSD,Sell,6407.5,2604,--
2018-07-01 00:03:23.177079,XBTUSD,Sell,6406.0,4000,0-
2018-07-01 00:03:23.263937,XBTUSD,Sell,6405.5,5416,--
2018-07-01 00:03:23.263937,XBTUSD,Sell,6406.0,2084,0-
2018-07-01 00:03:23.292901,XBTUSD,Sell,6405.5,1,0-
2018-07-01 00:03:23.336459,XBTUSD,Buy,6406.5,1,++
2018-07-01 00:03:23.604820,XBTUSD,Buy,6406.0,10,--
2018-07-01 00:03:23.759604,XBTUSD,Sell,6405.0,2855,--
2018-07-01 00:03:23.759604,XBTUSD,Sell,6405.5,2145,--
2018-07-01 00:03:23.962968,XBTUSD,Sell,6405.0,5000,0-
2018-07-01 00:03:24.196687,XBTUSD,Sell,6405.0,1500,0-
2018-07-01 00:03:24.391477,XBTUSD,Sell,6405.0,425,0-
2018-07-01 00:03:24.416097,XBTUSD,Sell,6405.0,35000,0-
2018-07-01 00:03:24.454938,XBTUSD,Sell,6404.5,36277,--
2018-07-01 00:03:24.454938,XBTUSD,Sell,6405.0,3723,0-
2018-07-01 00:03:24.519617,XBTUSD,Buy,6405.5,10,++
2018-07-01 00:03:24.788565,XBTUSD,Sell,6404.5,1,--
2018-07-01 00:03:24.838832,XBTUSD,Sell,6404.5,300,0-
2018-07-01 00:03:24.976174,XBTUSD,Sell,6403.0,2492,--
2018-07-01 00:03:24.976174,XBTUSD,Sell,6403.5,3423,--
2018-07-01 00:03:24.976174,XBTUSD,Sell,6404.0,23532,--
2018-07-01 00:03:24.976174,XBTUSD,Sell,6404.5,553,0-
2018-07-01 00:03:26.005544,XBTUSD,Sell,6402.0,4950,--
2018-07-01 00:03:26.005544,XBTUSD,Sell,6402.5,257,--
2018-07-01 00:03:26.005544,XBTUSD,Sell,6403.0,793,0-
2018-07-01 00:03:26.149565,XBTUSD,Buy,6402.5,10,++
2018-07-01 00:03:26.298217,XBTUSD,Sell,6402.0,2000,--
2018-07-01 00:03:26.489469,XBTUSD,Sell,6402.0,32000,0-
2018-07-01 00:03:26.529207,XBTUSD,Sell,6402.0,10,0-
2018-07-01 00:03:26.831356,XBTUSD,Sell,6402.0,2000,0-
2018-07-01 00:03:26.873794,XBTUSD,Sell,6402.0,1000,0-
2018-07-01 00:03:27.003785,XBTUSD,Sell,6402.0,2000,0-
2018-07-01 00:03:27.191281,XBTUSD,Sell,6402.0,1,0-
2018-07-01 00:03:27.215779,XBTUSD,Sell,6402.0,50000,0-
2018-07-01 00:03:27.430679,XBTUSD,Sell,6402.0,500,0-
2018-07-01 00:03:29.013477,XBTUSD,Buy,6402.5,7200,++
2018-07-01 00:03:29.345735,XBTUSD,Sell,6402.0,13,--
2018-07-01 00:03:29.400542,XBTUSD,Sell,6400.0,50631,--
2018-07-01 00:03:29.400542,XBTUSD,Sell,6400.5,5050,--
2018-07-01 00:03:29.400542,XBTUSD,Sell,6401.0,13599,--
2018-07-01 00:03:29.400542,XBTUSD,Sell,6401.5,205,--
2018-07-01 00:03:29.400542,XBTUSD,Sell,6402.0,130515,0-
2018-07-01 00:03:29.531665,XBTUSD,Sell,6400.0,3000,0-
2018-07-01 00:03:29.566387,XBTUSD,Sell,6398.5,58411,--
2018-07-01 00:03:29.566387,XBTUSD,Sell,6399.0,11807,--
2018-07-01 00:03:29.566387,XBTUSD,Sell,6399.5,32413,--
2018-07-01 00:03:29.566387,XBTUSD,Sell,6400.0,27369,0-
2018-07-01 00:03:29.739793,XBTUSD,Sell,6398.5,35903,--
2018-07-01 00:03:29.739793,XBTUSD,Sell,6399.0,5000,--
2018-07-01 00:03:29.739793,XBTUSD,Sell,6400.5,97,++
2018-07-01 00:03:29.785680,XBTUSD,Buy,6401.5,100,++
2018-07-01 00:03:29.785680,XBTUSD,Buy,6402.0,700,++
2018-07-01 00:03:29.906658,XBTUSD,Sell,6398.5,1000,--
2018-07-01 00:03:29.980388,XBTUSD,Sell,6399.0,800,++
2018-07-01 00:03:31.217045,XBTUSD,Sell,6401.0,1,++
2018-07-01 00:03:31.244368,XBTUSD,Buy,6401.5,21,++
2018-07-01 00:03:31.540221,XBTUSD,Sell,6401.0,800,--
2018-07-01 00:03:31.641891,XBTUSD,Sell,6401.0,100,0-
2018-07-01 00:03:32.109158,XBTUSD,Sell,6401.0,4000,0-
2018-07-01 00:03:32.133019,XBTUSD,Buy,6401.5,22,++
2018-07-01 00:03:32.287555,XBTUSD,Sell,6401.0,9000,--
2018-07-01 00:03:32.335385,XBTUSD,Sell,6401.0,1500,0-
2018-07-01 00:03:32.379254,XBTUSD,Sell,6401.0,7500,0-
2018-07-01 00:03:32.488836,XBTUSD,Sell,6401.0,50,0-
2018-07-01 00:03:33.848451,XBTUSD,Buy,6401.5,100,++
2018-07-01 00:03:34.127574,XBTUSD,Sell,6401.0,100,--
2018-07-01 00:03:34.178658,XBTUSD,Sell,6401.0,500,0-
2018-07-01 00:03:34.368040,XBTUSD,Sell,6401.0,200,0-
2018-07-01 00:03:34.433637,XBTUSD,Sell,6401.0,100,0-
2018-07-01 00:03:34.458893,XBTUSD,Sell,6401.0,13040,0-
2018-07-01 00:03:34.555103,XBTUSD,Sell,6401.0,21090,0-
2018-07-01 00:03:34.611104,XBTUSD,Sell,6401.0,1000,0-
2018-07-01 00:03:34.682914,XBTUSD,Sell,6401.0,3000,0-
2018-07-01 00:03:34.813516,XBTUSD,Sell,6401.0,20900,0-
2018-07-01 00:03:34.853677,XBTUSD,Buy,6401.5,1290,++
2018-07-01 00:03:34.967491,XBTUSD,Sell,6401.0,6000,--
2018-07-01 00:03:34.982038,XBTUSD,Sell,6401.0,1,0-
2018-07-01 00:03:36.130016,XBTUSD,Sell,6401.0,2000,0-
2018-07-01 00:03:36.199180,XBTUSD,Sell,6401.0,1312,0-
2018-07-01 00:03:36.391356,XBTUSD,Sell,6401.0,15000,0-
2018-07-01 00:03:36.597854,XBTUSD,Sell,6401.0,300,0-
2018-07-01 00:03:36.776117,XBTUSD,Sell,6401.0,1000,0-
2018-07-01 00:03:36.850354,XBTUSD,Sell,6401.0,500,0-
2018-07-01 00:03:36.863052,XBTUSD,Sell,6401.0,1,0-
2018-07-01 00:03:37.024206,XBTUSD,Sell,6401.0,1312,0-
2018-07-01 00:03:37.156610,XBTUSD,Sell,6401.0,14000,0-
2018-07-01 00:03:37.433945,XBTUSD,Sell,6401.0,150,0-
2018-07-01 00:03:38.808825,XBTUSD,Sell,6401.0,1312,0-
2018-07-01 00:03:38.846715,XBTUSD,Sell,6401.0,500,0-
2018-07-01 00:03:38.969123,XBTUSD,Sell,6401.0,500,0-
2018-07-01 00:03:39.149286,XBTUSD,Sell,6401.0,6000,0-
2018-07-01 00:03:39.239753,XBTUSD,Sell,6401.0,100,0-
2018-07-01 00:03:39.279261,XBTUSD,Sell,6401.0,2000,0-
2018-07-01 00:03:39.478252,XBTUSD,Sell,6401.0,13000,0-
2018-07-01 00:03:39.556849,XBTUSD,Sell,6401.0,1,0-
2018-07-01 00:03:39.585560,XBTUSD,Sell,6401.0,700,0-
2018-07-01 00:03:39.601285,XBTUSD,Buy,6401.5,3000,++
2018-07-01 00:03:39.679493,XBTUSD,Sell,6401.0,50,--
2018-07-01 00:03:39.711708,XBTUSD,Sell,6401.0,1312,0-
2018-07-01 00:03:40.988454,XBTUSD,Sell,6401.0,300,0-
2018-07-01 00:03:41.087462,XBTUSD,Sell,6401.0,5000,0-
2018-07-01 00:03:41.186078,XBTUSD,Sell,6401.0,1312,0-
2018-07-01 00:03:41.338535,XBTUSD,Sell,6401.0,17000,0-
2018-07-01 00:03:41.554239,XBTUSD,Buy,6401.5,10000,++
2018-07-01 00:03:41.591440,XBTUSD,Sell,6401.0,1000,--
2018-07-01 00:03:41.622188,XBTUSD,Sell,6401.0,28576,0-
2018-07-01 00:03:41.715644,XBTUSD,Sell,6400.5,5000,--
2018-07-01 00:03:41.845888,XBTUSD,Sell,6400.5,51,0-
2018-07-01 00:03:41.945985,XBTUSD,Sell,6398.5,66065,--
2018-07-01 00:03:41.945985,XBTUSD,Sell,6399.0,5354,--
2018-07-01 00:03:41.945985,XBTUSD,Sell,6399.5,8221,--
2018-07-01 00:03:41.945985,XBTUSD,Sell,6400.0,1652,--
2018-07-01 00:03:41.945985,XBTUSD,Sell,6400.5,19273,0-
2018-07-01 00:03:41.986984,XBTUSD,Buy,6399.0,5400,++
2018-07-01 00:03:42.169389,XBTUSD,Sell,6398.5,25000,--
2018-07-01 00:03:42.295124,XBTUSD,Sell,6398.5,20000,0-
2018-07-01 00:03:42.443304,XBTUSD,Sell,6398.5,500,0-
2018-07-01 00:03:44.202415,XBTUSD,Sell,6398.5,1000,0-
2018-07-01 00:03:44.213112,XBTUSD,Sell,6398.5,2000,0-
2018-07-01 00:03:44.226772,XBTUSD,Sell,6398.5,3777,0-
2018-07-01 00:03:44.680278,XBTUSD,Sell,6398.0,8793,--
2018-07-01 00:03:44.680278,XBTUSD,Sell,6398.5,11207,0-
2018-07-01 00:03:44.705358,XBTUSD,Sell,6398.0,10000,0-
2018-07-01 00:03:44.778031,XBTUSD,Sell,6398.0,200,0-
2018-07-01 00:03:44.867205,XBTUSD,Sell,6397.5,2236,--
2018-07-01 00:03:44.867205,XBTUSD,Sell,6398.0,11764,0-
2018-07-01 00:03:44.959501,XBTUSD,Sell,6397.5,10000,0-
2018-07-01 00:03:46.007674,XBTUSD,Sell,6396.5,8394,--
2018-07-01 00:03:46.007674,XBTUSD,Sell,6397.0,49709,--
2018-07-01 00:03:46.007674,XBTUSD,Sell,6397.5,1897,0-
2018-07-01 00:03:46.307506,XBTUSD,Sell,6396.0,7795,--
2018-07-01 00:03:46.307506,XBTUSD,Sell,6396.5,2205,0-
2018-07-01 00:03:46.602651,XBTUSD,Sell,6396.0,6000,0-
2018-07-01 00:03:46.667517,XBTUSD,Sell,6395.5,1054,--
2018-07-01 00:03:46.667517,XBTUSD,Sell,6396.0,3446,0-
2018-07-01 00:03:46.725209,XBTUSD,Buy,6396.5,3000,++
2018-07-01 00:03:46.971698,XBTUSD,Sell,6396.0,100,--
2018-07-01 00:03:47.148510,XBTUSD,Buy,6396.5,100,++
2018-07-01 00:03:49.033634,XBTUSD,Sell,6396.0,10000,--
2018-07-01 00:03:49.251530,XBTUSD,Buy,6396.5,100,++
2018-07-01 00:03:49.531184,XBTUSD,Sell,6396.0,150,--
2018-07-01 00:03:49.991648,XBTUSD,Buy,6396.5,59,++
2018-07-01 00:03:50.033220,XBTUSD,Sell,6396.0,21,--
2018-07-01 00:03:51.142247,XBTUSD,Buy,6396.5,10,++
2018-07-01 00:03:51.283242,XBTUSD,Sell,6396.0,10000,--
2018-07-01 00:03:51.344244,XBTUSD,Sell,6396.0,1000,0-
2018-07-01 00:03:51.356950,XBTUSD,Sell,6396.0,500,0-
2018-07-01 00:03:51.572987,XBTUSD,Sell,6396.0,100,0-
2018-07-01 00:03:51.746089,XBTUSD,Sell,6396.0,3000,0-
2018-07-01 00:03:51.767046,XBTUSD,Buy,6396.5,200000,++
2018-07-01 00:03:51.798428,XBTUSD,Buy,6396.5,415340,0+
2018-07-01 00:03:51.798428,XBTUSD,Buy,6397.0,22160,++
2018-07-01 00:03:51.832914,XBTUSD,Sell,6396.0,230,--
2018-07-01 00:03:51.971645,XBTUSD,Sell,6396.5,150,++
2018-07-01 00:03:52.239347,XBTUSD,Buy,6397.0,3500,++
2018-07-01 00:03:52.267368,XBTUSD,Sell,6396.5,10,--
2018-07-01 00:03:52.394753,XBTUSD,Sell,6396.5,3000,0-
2018-07-01 00:03:53.331681,XBTUSD,Buy,6397.0,100,++
2018-07-01 00:03:53.747388,XBTUSD,Sell,6396.5,14000,--
2018-07-01 00:03:53.844637,XBTUSD,Sell,6396.5,90,0-
2018-07-01 00:03:53.945316,XBTUSD,Buy,6397.0,600,++
2018-07-01 00:03:54.016795,XBTUSD,Sell,6396.5,26,--
2018-07-01 00:03:54.169480,XBTUSD,Sell,6396.5,5000,0-
2018-07-01 00:03:54.237369,XBTUSD,Sell,6396.5,10,0-
2018-07-01 00:03:54.417029,XBTUSD,Buy,6397.0,6000,++
2018-07-01 00:03:54.785638,XBTUSD,Buy,6397.0,200,0+
2018-07-01 00:03:54.888893,XBTUSD,Sell,6396.5,500,--
2018-07-01 00:03:56.092649,XBTUSD,Buy,6397.0,42312,++
2018-07-01 00:03:56.092649,XBTUSD,Buy,6397.5,1517,++
2018-07-01 00:03:56.092649,XBTUSD,Buy,6398.0,28530,++
2018-07-01 00:03:56.092649,XBTUSD,Buy,6398.5,25230,++
2018-07-01 00:03:56.092649,XBTUSD,Buy,6399.0,27411,++
2018-07-01 00:03:56.404884,XBTUSD,Sell,6398.5,1000,--
2018-07-01 00:03:56.468115,XBTUSD,Sell,6398.5,102,0-
2018-07-01 00:03:56.490705,XBTUSD,Sell,6398.5,894,0-
2018-07-01 00:03:56.518501,XBTUSD,Sell,6398.5,2358,0-
2018-07-01 00:03:56.548389,XBTUSD,Sell,6398.5,628,0-
2018-07-01 00:03:56.633386,XBTUSD,Sell,6398.5,46,0-
2018-07-01 00:03:56.679476,XBTUSD,Sell,6398.5,56,0-
2018-07-01 00:03:56.701186,XBTUSD,Sell,6398.5,152,0-
2018-07-01 00:03:56.721870,XBTUSD,Sell,6398.5,1210,0-
2018-07-01 00:03:56.745110,XBTUSD,Sell,6398.5,286,0-
2018-07-01 00:03:56.766833,XBTUSD,Sell,6398.5,974,0-
2018-07-01 00:03:56.788614,XBTUSD,Sell,6398.5,86,0-
2018-07-01 00:03:56.814049,XBTUSD,Sell,6398.5,72,0-
2018-07-01 00:03:56.844226,XBTUSD,Sell,6398.5,4012,0-
2018-07-01 00:03:56.872488,XBTUSD,Sell,6398.5,198,0-
2018-07-01 00:03:56.897233,XBTUSD,Sell,6398.5,1154,0-
2018-07-01 00:03:56.919671,XBTUSD,Sell,6398.5,26,0-
2018-07-01 00:03:56.953222,XBTUSD,Sell,6398.5,208,0-
2018-07-01 00:03:56.977174,XBTUSD,Sell,6398.5,240,0-
2018-07-01 00:03:57.003873,XBTUSD,Sell,6398.5,76,0-
2018-07-01 00:03:57.365448,XBTUSD,Sell,6398.5,12500,0-
2018-07-01 00:03:57.473230,XBTUSD,Buy,6399.0,1034,++
2018-07-01 00:03:58.327347,XBTUSD,Buy,6399.0,2000,0+
2018-07-01 00:03:58.441966,XBTUSD,Sell,6398.5,5000,--
2018-07-01 00:03:58.509535,XBTUSD,Buy,6399.0,6000,++
2018-07-01 00:03:58.614423,XBTUSD,Buy,6399.0,309,0+
2018-07-01 00:03:58.614423,XBTUSD,Buy,6399.5,141,++
2018-07-01 00:03:58.790118,XBTUSD,Buy,6399.5,3473,0+
2018-07-01 00:03:58.790118,XBTUSD,Buy,6400.0,9719,++
2018-07-01 00:03:58.929294,XBTUSD,Buy,6400.5,624,++
2018-07-01 00:03:58.929294,XBTUSD,Buy,6401.0,50198,++
2018-07-01 00:03:58.929294,XBTUSD,Buy,6401.5,74178,++
2018-07-01 00:03:59.026021,XBTUSD,Buy,6401.5,600,0+
2018-07-01 00:03:59.691106,XBTUSD,Buy,6401.5,10,0+
2018-07-01 00:04:00.841884,XBTUSD,Buy,6401.5,5595,0+
2018-07-01 00:04:00.841884,XBTUSD,Buy,6402.0,15305,++
2018-07-01 00:04:01.209637,XBTUSD,Buy,6402.0,6000,0+
2018-07-01 00:04:01.278573,XBTUSD,Buy,6402.0,2000,0+
2018-07-01 00:04:01.309762,XBTUSD,Sell,6401.5,20,--
2018-07-01 00:04:01.417660,XBTUSD,Sell,6401.5,20000,0-
2018-07-01 00:04:01.647421,XBTUSD,Buy,6402.0,230,++
2018-07-01 00:04:04.335575,XBTUSD,Buy,6402.0,700,0+
2018-07-01 00:04:04.377466,XBTUSD,Buy,6402.0,1623,0+
2018-07-01 00:04:04.618492,XBTUSD,Buy,6402.5,2500,++
2018-07-01 00:04:04.690909,XBTUSD,Buy,6402.5,2058,0+
2018-07-01 00:04:04.690909,XBTUSD,Buy,6403.0,7942,++
2018-07-01 00:04:04.808668,XBTUSD,Buy,6403.0,2000,0+
2018-07-01 00:04:04.896322,XBTUSD,Buy,6403.0,6000,0+
2018-07-01 00:04:04.935479,XBTUSD,Buy,6403.0,350,0+
2018-07-01 00:04:06.329477,XBTUSD,Buy,6403.0,4000,0+
2018-07-01 00:04:07.035541,XBTUSD,Buy,6403.0,900,0+
2018-07-01 00:04:07.165456,XBTUSD,Sell,6402.5,1300,--
2018-07-01 00:04:07.266949,XBTUSD,Buy,6403.0,5000,++
2018-07-01 00:04:07.359628,XBTUSD,Buy,6403.0,2225,0+
2018-07-01 00:04:07.359628,XBTUSD,Buy,6403.5,84,++
2018-07-01 00:04:07.359628,XBTUSD,Buy,6404.0,1524,++
2018-07-01 00:04:07.359628,XBTUSD,Buy,6404.5,140,++
2018-07-01 00:04:07.359628,XBTUSD,Buy,6405.0,74030,++
2018-07-01 00:04:08.988568,XBTUSD,Buy,6405.5,230,++
2018-07-01 00:04:10.036151,XBTUSD,Sell,6405.0,7,--
2018-07-01 00:04:11.027324,XBTUSD,Buy,6405.5,20000,++
2018-07-01 00:04:13.550143,XBTUSD,Sell,6405.0,6000,--
2018-07-01 00:04:13.601547,XBTUSD,Buy,6405.5,250,++
2018-07-01 00:04:14.260026,XBTUSD,Buy,6405.5,1000,0+
2018-07-01 00:04:14.416712,XBTUSD,Sell,6405.0,50000,--
2018-07-01 00:04:14.447574,XBTUSD,Buy,6405.5,15210,++
2018-07-01 00:04:14.466875,XBTUSD,Buy,6405.5,500,0+
2018-07-01 00:04:14.517250,XBTUSD,Buy,6405.5,4717,0+
2018-07-01 00:04:14.517250,XBTUSD,Buy,6406.0,10283,++
2018-07-01 00:04:14.614049,XBTUSD,Sell,6405.5,2750,--
2018-07-01 00:04:16.691589,XBTUSD,Sell,6405.5,20000,0-
2018-07-01 00:04:16.783306,XBTUSD,Buy,6406.0,500,++
2018-07-01 00:04:16.830318,XBTUSD,Sell,6405.5,10,--
2018-07-01 00:04:16.847605,XBTUSD,Buy,6406.0,3000,++
2018-07-01 00:04:17.160660,XBTUSD,Buy,6406.0,500,0+
2018-07-01 00:04:17.346017,XBTUSD,Sell,6405.5,100,--
2018-07-01 00:04:17.451243,XBTUSD,Buy,6406.0,1300,++
2018-07-01 00:04:17.539190,XBTUSD,Sell,6405.5,4538,--
2018-07-01 00:04:18.612702,XBTUSD,Sell,6405.5,100,0-
2018-07-01 00:04:18.945433,XBTUSD,Buy,6406.0,1200,++
2018-07-01 00:04:19.812020,XBTUSD,Buy,6406.0,5000,0+
2018-07-01 00:04:20.247026,XBTUSD,Sell,6405.5,20000,--
2018-07-01 00:04:20.532718,XBTUSD,Buy,6406.0,7200,++
2018-07-01 00:04:20.845885,XBTUSD,Buy,6406.0,100,0+
2018-07-01 00:04:20.881793,XBTUSD,Buy,6406.0,69,0+
2018-07-01 00:04:21.004436,XBTUSD,Buy,6406.0,60,0+
2018-07-01 00:04:21.115010,XBTUSD,Buy,6406.0,3000,0+
2018-07-01 00:04:21.209447,XBTUSD,Sell,6405.5,3000,--
2018-07-01 00:04:21.986078,XBTUSD,Buy,6406.0,6000,++
2018-07-01 00:04:22.039850,XBTUSD,Buy,6406.0,4000,0+
2018-07-01 00:04:22.682980,XBTUSD,Sell,6405.5,400,--
2018-07-01 00:04:22.699103,XBTUSD,Buy,6406.0,200,++
2018-07-01 00:04:23.414818,XBTUSD,Buy,6406.0,20000,0+
2018-07-01 00:04:23.833972,XBTUSD,Buy,6406.0,13946,0+
2018-07-01 00:04:23.833972,XBTUSD,Buy,6406.5,11380,++
2018-07-01 00:04:23.833972,XBTUSD,Buy,6407.0,7674,++
2018-07-01 00:04:24.301175,XBTUSD,Buy,6407.0,61722,0+
2018-07-01 00:04:25.237289,XBTUSD,Buy,6407.5,47506,++
2018-07-01 00:04:25.237289,XBTUSD,Buy,6408.0,2494,++
2018-07-01 00:04:25.615654,XBTUSD,Buy,6408.0,10,0+
2018-07-01 00:04:25.769963,XBTUSD,Buy,6408.0,6000,0+
2018-07-01 00:04:25.962255,XBTUSD,Sell,6407.5,1000,--
2018-07-01 00:04:26.319511,XBTUSD,Sell,6407.5,1000,0-
2018-07-01 00:04:27.779998,XBTUSD,Sell,6407.5,22,0-
2018-07-01 00:04:28.620464,XBTUSD,Buy,6408.0,100,++
2018-07-01 00:04:29.179836,XBTUSD,Buy,6408.0,2000,0+
2018-07-01 00:04:29.191611,XBTUSD,Buy,6408.0,100,0+
2018-07-01 00:04:29.205153,XBTUSD,Buy,6408.0,8000,0+
2018-07-01 00:04:30.345104,XBTUSD,Buy,6408.0,2000,0+
2018-07-01 00:04:30.573838,XBTUSD,Sell,6407.5,3000,--
2018-07-01 00:04:31.303369,XBTUSD,Buy,6408.0,1000,++
2018-07-01 00:04:31.456624,XBTUSD,Sell,6407.5,50000,--
2018-07-01 00:04:31.470231,XBTUSD,Buy,6408.0,300,++
2018-07-01 00:04:32.192741,XBTUSD,Sell,6407.5,2000,--
2018-07-01 00:04:32.253821,XBTUSD,Buy,6408.0,1000,++
2018-07-01 00:04:32.351109,XBTUSD,Sell,6407.5,200,--
2018-07-01 00:04:32.744476,XBTUSD,Sell,6407.5,13192,0-
2018-07-01 00:04:33.171333,XBTUSD,Sell,6407.5,500,0-
2018-07-01 00:04:33.214445,XBTUSD,Sell,6407.5,100,0-
2018-07-01 00:04:33.413008,XBTUSD,Sell,6406.5,12736,--
2018-07-01 00:04:33.413008,XBTUSD,Sell,6407.0,709,--
2018-07-01 00:04:33.413008,XBTUSD,Sell,6407.5,6555,0-
2018-07-01 00:04:33.491526,XBTUSD,Buy,6407.0,5000,++
2018-07-01 00:04:33.958331,XBTUSD,Sell,6406.5,3500,--
2018-07-01 00:04:33.970588,XBTUSD,Buy,6407.0,10000,++
2018-07-01 00:04:34.020040,XBTUSD,Sell,6406.0,20954,--
2018-07-01 00:04:34.020040,XBTUSD,Sell,6406.5,13015,--
2018-07-01 00:04:34.432909,XBTUSD,Sell,6405.0,10353,--
2018-07-01 00:04:34.432909,XBTUSD,Sell,6405.5,39647,--
2018-07-01 00:04:34.586032,XBTUSD,Sell,6405.0,10000,0-
2018-07-01 00:04:34.789248,XBTUSD,Sell,6405.0,5000,0-
2018-07-01 00:04:35.033167,XBTUSD,Sell,6405.0,8077,0-
2018-07-01 00:04:35.961631,XBTUSD,Sell,6404.5,900,--
2018-07-01 00:04:36.129653,XBTUSD,Sell,6404.5,10,0-
2018-07-01 00:04:36.224332,XBTUSD,Sell,6404.5,4000,0-
2018-07-01 00:04:36.241339,XBTUSD,Sell,6403.0,29120,--
2018-07-01 00:04:36.241339,XBTUSD,Sell,6403.5,39040,--
2018-07-01 00:04:36.241339,XBTUSD,Sell,6404.0,7645,--
2018-07-01 00:04:36.241339,XBTUSD,Sell,6404.5,14195,0-
2018-07-01 00:04:36.701896,XBTUSD,Sell,6403.0,4000,0-
2018-07-01 00:04:36.713767,XBTUSD,Sell,6403.0,2790,0-
2018-07-01 00:04:37.027466,XBTUSD,Buy,6403.5,20,++
2018-07-01 00:04:37.329777,XBTUSD,Sell,6403.0,40795,--
2018-07-01 00:04:37.461384,XBTUSD,Sell,6403.0,20000,0-
2018-07-01 00:04:37.501269,XBTUSD,Sell,6403.0,15000,0-
2018-07-01 00:04:38.774794,XBTUSD,Sell,6403.0,20000,0-
2018-07-01 00:04:38.973996,XBTUSD,Buy,6403.5,1006,++
2018-07-01 00:04:38.984685,XBTUSD,Buy,6403.5,250,0+
2018-07-01 00:04:38.997687,XBTUSD,Sell,6403.0,7500,--
2018-07-01 00:04:39.250641,XBTUSD,Sell,6403.0,11000,0-
2018-07-01 00:04:39.337098,XBTUSD,Sell,6403.0,50000,0-
2018-07-01 00:04:41.113905,XBTUSD,Buy,6403.5,2000,++
2018-07-01 00:04:41.512143,XBTUSD,Sell,6403.0,10000,--
2018-07-01 00:04:41.553561,XBTUSD,Sell,6403.0,467,0-
2018-07-01 00:04:41.998834,XBTUSD,Sell,6402.5,6300,--
2018-07-01 00:04:42.119612,XBTUSD,Sell,6402.5,90,0-
2018-07-01 00:04:42.325038,XBTUSD,Sell,6402.5,700,0-
2018-07-01 00:04:43.516060,XBTUSD,Sell,6402.5,2624,0-
2018-07-01 00:04:44.046365,XBTUSD,Sell,6402.5,100,0-
2018-07-01 00:04:44.638960,XBTUSD,Sell,6402.5,5000,0-
2018-07-01 00:04:45.359972,XBTUSD,Sell,6402.5,600,0-
2018-07-01 00:04:45.858254,XBTUSD,Sell,6402.5,30000,0-
2018-07-01 00:04:45.966800,XBTUSD,Sell,6402.5,67,0-
2018-07-01 00:04:46.357939,XBTUSD,Sell,6401.5,18273,--
2018-07-01 00:04:46.357939,XBTUSD,Sell,6402.0,61727,--
2018-07-01 00:04:47.118245,XBTUSD,Buy,6402.0,250,++
2018-07-01 00:04:48.461139,XBTUSD,Sell,6401.5,400,--
2018-07-01 00:04:48.528594,XBTUSD,Buy,6402.0,104,++
2018-07-01 00:04:48.557325,XBTUSD,Sell,6401.5,500,--
2018-07-01 00:04:48.687264,XBTUSD,Sell,6401.5,4000,0-
2018-07-01 00:04:49.654657,XBTUSD,Sell,6401.5,1000,0-
2018-07-01 00:04:50.916529,XBTUSD,Sell,6401.5,13000,0-
2018-07-01 00:04:51.020432,XBTUSD,Buy,6402.0,1916,++
2018-07-01 00:04:52.220046,XBTUSD,Buy,6402.0,5000,0+
2018-07-01 00:04:52.635810,XBTUSD,Sell,6401.0,747,--
2018-07-01 00:04:52.635810,XBTUSD,Sell,6401.5,49253,--
2018-07-01 00:04:55.937819,XBTUSD,Buy,6401.5,100,++
2018-07-01 00:04:56.081099,XBTUSD,Buy,6401.5,5000,0+
2018-07-01 00:04:56.159791,XBTUSD,Sell,6401.0,10,--
2018-07-01 00:04:56.888327,XBTUSD,Sell,6401.0,7000,0-
2018-07-01 00:04:57.333325,XBTUSD,Sell,6401.0,20000,0-
2018-07-01 00:04:57.914963,XBTUSD,Sell,6401.0,1000,0-
2018-07-01 00:04:58.280534,XBTUSD,Buy,6401.5,2000,++
2018-07-01 00:04:58.911888,XBTUSD,Buy,6401.5,100,0+
2018-07-01 00:04:59.776769,XBTUSD,Sell,6401.0,1700,--
2018-07-01 00:05:00.727802,XBTUSD,Sell,6401.0,1000,0-
2018-07-01 00:05:00.825615,XBTUSD,Sell,6401.0,47000,0-
2018-07-01 00:05:00.924567,XBTUSD,Sell,6401.0,500,0-
2018-07-01 00:05:01.254430,XBTUSD,Sell,6401.0,2000,0-
2018-07-01 00:05:01.302832,XBTUSD,Sell,6401.0,1000,0-
2018-07-01 00:05:01.814025,XBTUSD,Buy,6401.5,100,++
2018-07-01 00:05:01.840352,XBTUSD,Sell,6401.0,15,--
2018-07-01 00:05:02.211013,XBTUSD,Buy,6401.5,220,++
2018-07-01 00:05:02.254896,XBTUSD,Sell,6401.0,2000,--
2018-07-01 00:05:02.441299,XBTUSD,Sell,6401.0,5000,0-
2018-07-01 00:05:02.560936,XBTUSD,Sell,6401.0,9900,0-
2018-07-01 00:05:02.902624,XBTUSD,Sell,6401.0,500,0-
2018-07-01 00:05:02.931961,XBTUSD,Buy,6401.5,144,++
2018-07-01 00:05:03.293932,XBTUSD,Buy,6401.5,144,0+
2018-07-01 00:05:03.759264,XBTUSD,Sell,6401.0,6240,--
2018-07-01 00:05:04.264072,XBTUSD,Sell,6401.0,17000,0-
2018-07-01 00:05:04.284106,XBTUSD,Buy,6401.5,10,++
2018-07-01 00:05:04.306014,XBTUSD,Buy,6401.5,100,0+
2018-07-01 00:05:04.928239,XBTUSD,Sell,6401.0,1000,--
2018-07-01 00:05:04.983249,XBTUSD,Buy,6401.5,2100,++
2018-07-01 00:05:06.284884,XBTUSD,Buy,6401.5,400,0+
2018-07-01 00:05:06.422304,XBTUSD,Sell,6401.0,60,--
2018-07-01 00:05:06.644681,XBTUSD,Buy,6401.5,100,++
2018-07-01 00:05:06.684470,XBTUSD,Sell,6401.0,10,--
2018-07-01 00:05:08.133139,XBTUSD,Buy,6401.5,6430,++
2018-07-01 00:05:08.740922,XBTUSD,Sell,6401.0,10000,--
2018-07-01 00:05:08.893327,XBTUSD,Buy,6401.5,94,++
2018-07-01 00:05:10.451628,XBTUSD,Sell,6401.0,1000,--
2018-07-01 00:05:10.991191,XBTUSD,Sell,6401.0,375,0-
2018-07-01 00:05:11.976333,XBTUSD,Sell,6401.0,50000,0-
2018-07-01 00:05:12.284232,XBTUSD,Buy,6401.5,42442,++
2018-07-01 00:05:13.236865,XBTUSD,Sell,6401.0,5000,--
2018-07-01 00:05:13.869359,XBTUSD,Buy,6401.5,62500,++
2018-07-01 00:05:16.046410,XBTUSD,Sell,6401.0,1,--
2018-07-01 00:05:16.263053,XBTUSD,Buy,6401.5,125000,++
2018-07-01 00:05:17.425235,XBTUSD,Sell,6401.0,500,--
2018-07-01 00:05:17.467711,XBTUSD,Buy,6401.5,16000,++
2018-07-01 00:05:17.818873,XBTUSD,Buy,6401.5,42046,0+
2018-07-01 00:05:19.312216,XBTUSD,Buy,6401.5,50000,0+
2018-07-01 00:05:19.403193,XBTUSD,Buy,6401.5,1000,0+
2018-07-01 00:05:19.771848,XBTUSD,Sell,6401.0,400,--
2018-07-01 00:05:19.882481,XBTUSD,Buy,6401.5,50000,++
2018-07-01 00:05:19.953246,XBTUSD,Buy,6401.5,500,0+
2018-07-01 00:05:20.009504,XBTUSD,Buy,6401.5,5000,0+
2018-07-01 00:05:20.335957,XBTUSD,Buy,6401.5,1841,0+
2018-07-01 00:05:20.335957,XBTUSD,Buy,6402.0,3159,++
2018-07-01 00:05:20.372728,XBTUSD,Buy,6402.0,3333,0+
2018-07-01 00:05:20.782040,XBTUSD,Buy,6402.0,2894,0+
2018-07-01 00:05:20.782040,XBTUSD,Buy,6402.5,33144,++
2018-07-01 00:05:20.782040,XBTUSD,Buy,6403.0,8962,++
2018-07-01 00:05:20.806751,XBTUSD,Sell,6401.5,150,--
2018-07-01 00:05:20.829983,XBTUSD,Buy,6403.0,5073,++
2018-07-01 00:05:20.850743,XBTUSD,Buy,6403.5,590,++
2018-07-01 00:05:20.850743,XBTUSD,Buy,6404.0,5410,++
2018-07-01 00:05:20.980761,XBTUSD,Sell,6403.0,65,--
2018-07-01 00:05:21.698338,XBTUSD,Buy,6404.0,4000,++
2018-07-01 00:05:21.747923,XBTUSD,Buy,6404.0,1111,0+
2018-07-01 00:05:21.747923,XBTUSD,Buy,6404.5,471,++
2018-07-01 00:05:21.747923,XBTUSD,Buy,6405.0,15849,++
2018-07-01 00:05:21.747923,XBTUSD,Buy,6405.5,903,++
2018-07-01 00:05:21.747923,XBTUSD,Buy,6406.0,1666,++
2018-07-01 00:05:21.832906,XBTUSD,Sell,6405.5,40,--
2018-07-01 00:05:21.942647,XBTUSD,Buy,6406.0,2120,++
2018-07-01 00:05:22.087974,XBTUSD,Buy,6406.0,4000,0+
2018-07-01 00:05:23.827558,XBTUSD,Sell,6405.5,21,--
2018-07-01 00:05:24.292830,XBTUSD,Sell,6405.5,1919,0-
2018-07-01 00:05:24.342472,XBTUSD,Sell,6405.5,1500,0-
2018-07-01 00:05:24.623837,XBTUSD,Sell,6405.5,20000,0-
2018-07-01 00:05:24.653219,XBTUSD,Buy,6406.0,10000,++
2018-07-01 00:05:24.721849,XBTUSD,Buy,6406.0,4000,0+
2018-07-01 00:05:26.180248,XBTUSD,Buy,6406.0,1000,0+
2018-07-01 00:05:26.385139,XBTUSD,Buy,6406.0,700,0+
2018-07-01 00:05:27.222836,XBTUSD,Buy,6406.0,1000,0+
2018-07-01 00:05:27.267675,XBTUSD,Buy,6406.0,8000,0+
2018-07-01 00:05:28.516997,XBTUSD,Sell,6405.5,16,--
2018-07-01 00:05:28.598883,XBTUSD,Buy,6406.0,10000,++
2018-07-01 00:05:28.652186,XBTUSD,Buy,6406.0,500,0+
2018-07-01 00:05:29.011106,XBTUSD,Buy,6406.0,70,0+
2018-07-01 00:05:29.902507,XBTUSD,Buy,6406.0,150,0+
2018-07-01 00:05:31.239931,XBTUSD,Buy,6406.0,5000,0+
2018-07-01 00:05:31.304702,XBTUSD,Buy,6406.0,3000,0+
2018-07-01 00:05:31.405457,XBTUSD,Buy,6406.0,8840,0+
2018-07-01 00:05:31.800268,XBTUSD,Buy,6406.5,350,++
2018-07-01 00:05:31.800268,XBTUSD,Buy,6407.0,46541,++
2018-07-01 00:05:31.800268,XBTUSD,Buy,6407.5,2673,++
2018-07-01 00:05:31.800268,XBTUSD,Buy,6408.0,436,++
2018-07-01 00:05:32.384685,XBTUSD,Sell,6407.5,31,--
2018-07-01 00:05:34.258822,XBTUSD,Buy,6408.0,40000,++
2018-07-01 00:05:34.338378,XBTUSD,Buy,6408.0,1000,0+
2018-07-01 00:05:34.536410,XBTUSD,Buy,6408.0,35008,0+
2018-07-01 00:05:34.536410,XBTUSD,Buy,6408.5,63533,++
2018-07-01 00:05:34.536410,XBTUSD,Buy,6409.0,10544,++
2018-07-01 00:05:34.596709,XBTUSD,Buy,6409.5,14000,++
2018-07-01 00:05:34.814654,XBTUSD,Buy,6409.5,100,0+
2018-07-01 00:05:34.889190,XBTUSD,Buy,6409.5,7099,0+
2018-07-01 00:05:34.889190,XBTUSD,Buy,6410.0,901,++
2018-07-01 00:05:34.946864,XBTUSD,Buy,6410.0,50000,0+
2018-07-01 00:05:35.935408,XBTUSD,Buy,6410.0,1701,0+
2018-07-01 00:05:36.486961,XBTUSD,Buy,6410.0,14000,0+
2018-07-01 00:05:36.506478,XBTUSD,Sell,6409.5,5000,--
2018-07-01 00:05:36.531963,XBTUSD,Buy,6410.0,200,++
2018-07-01 00:05:39.306848,XBTUSD,Buy,6410.0,500,0+
2018-07-01 00:05:39.326004,XBTUSD,Sell,6409.5,5000,--
2018-07-01 00:05:39.444063,XBTUSD,Buy,6410.0,4000,++
2018-07-01 00:05:39.507123,XBTUSD,Buy,6410.0,10000,0+
2018-07-01 00:05:39.597555,XBTUSD,Sell,6409.5,50000,--
2018-07-01 00:05:39.718763,XBTUSD,Sell,6409.5,3000,0-
2018-07-01 00:05:39.871966,XBTUSD,Sell,6409.5,1200,0-
2018-07-01 00:05:39.919700,XBTUSD,Buy,6410.0,500,++
2018-07-01 00:05:41.103555,XBTUSD,Buy,6410.0,300,0+
2018-07-01 00:05:41.201766,XBTUSD,Buy,6410.0,2000,0+
2018-07-01 00:05:41.681033,XBTUSD,Buy,6410.0,10000,0+
2018-07-01 00:05:42.088114,XBTUSD,Sell,6409.5,100,--
2018-07-01 00:05:42.191285,XBTUSD,Buy,6410.0,8508,++
2018-07-01 00:05:42.264515,XBTUSD,Buy,6410.0,10000,0+
2018-07-01 00:05:42.276563,XBTUSD,Buy,6410.0,20000,0+
2018-07-01 00:05:43.082835,XBTUSD,Buy,6410.0,1000,0+
2018-07-01 00:05:43.742789,XBTUSD,Buy,6410.0,600,0+
2018-07-01 00:05:44.472023,XBTUSD,Buy,6410.0,100,0+
2018-07-01 00:05:44.484765,XBTUSD,Sell,6409.5,2000,--
2018-07-01 00:05:44.543061,XBTUSD,Buy,6410.0,6500,++
2018-07-01 00:05:44.829058,XBTUSD,Buy,6410.0,4000,0+
2018-07-01 00:05:46.007782,XBTUSD,Sell,6409.5,100000,--
2018-07-01 00:05:46.039376,XBTUSD,Buy,6410.0,250000,++
2018-07-01 00:05:46.092427,XBTUSD,Sell,6409.5,1150,--
2018-07-01 00:05:46.212659,XBTUSD,Buy,6410.0,20000,++
2018-07-01 00:05:46.238582,XBTUSD,Sell,6409.5,24700,--
2018-07-01 00:05:46.327281,XBTUSD,Sell,6409.5,13987,0-
2018-07-01 00:05:46.453120,XBTUSD,Sell,6409.5,1700,0-
2018-07-01 00:05:46.613176,XBTUSD,Sell,6409.5,2000,0-
2018-07-01 00:05:47.175850,XBTUSD,Sell,6409.5,20000,0-
2018-07-01 00:05:47.888270,XBTUSD,Buy,6410.0,250,++
2018-07-01 00:05:48.049888,XBTUSD,Buy,6410.0,11000,0+
2018-07-01 00:05:48.990519,XBTUSD,Sell,6409.5,2000,--
2018-07-01 00:05:49.553473,XBTUSD,Buy,6410.0,10000,++
2018-07-01 00:05:50.613755,XBTUSD,Buy,6410.0,100,0+
2018-07-01 00:05:51.074124,XBTUSD,Sell,6409.5,45000,--
2018-07-01 00:05:51.220351,XBTUSD,Sell,6409.5,1,0-
2018-07-01 00:05:51.477874,XBTUSD,Buy,6410.0,250000,++
2018-07-01 00:05:52.050313,XBTUSD,Sell,6408.0,42780,--
2018-07-01 00:05:52.050313,XBTUSD,Sell,6408.5,9264,--
2018-07-01 00:05:52.050313,XBTUSD,Sell,6409.0,5599,--
2018-07-01 00:05:52.050313,XBTUSD,Sell,6409.5,42357,--
2018-07-01 00:05:52.540961,XBTUSD,Sell,6408.0,25000,0-
2018-07-01 00:05:53.239525,XBTUSD,Buy,6408.5,2438,++
2018-07-01 00:05:53.746680,XBTUSD,Sell,6408.0,10000,--
2018-07-01 00:05:54.298612,XBTUSD,Sell,6408.0,4000,0-
2018-07-01 00:05:54.353800,XBTUSD,Sell,6408.0,500,0-
2018-07-01 00:05:54.599064,XBTUSD,Buy,6408.5,350,++
2018-07-01 00:05:54.798639,XBTUSD,Sell,6408.0,1000,--
2018-07-01 00:05:54.910580,XBTUSD,Sell,6408.0,10000,0-
2018-07-01 00:05:54.939959,XBTUSD,Buy,6408.5,250000,++
2018-07-01 00:05:55.760937,XBTUSD,Sell,6408.0,10000,--
2018-07-01 00:05:55.834351,XBTUSD,Sell,6408.0,10,0-
2018-07-01 00:05:56.104005,XBTUSD,Buy,6408.5,2000,++
2018-07-01 00:05:56.626237,XBTUSD,Sell,6408.0,3500,--
2018-07-01 00:05:56.651999,XBTUSD,Sell,6408.0,500,0-
2018-07-01 00:05:56.939929,XBTUSD,Buy,6408.5,2200,++
2018-07-01 00:05:57.179319,XBTUSD,Sell,6408.0,429,--
2018-07-01 00:05:57.381387,XBTUSD,Sell,6408.0,5000,0-
2018-07-01 00:05:57.398792,XBTUSD,Buy,6408.5,1000,++
2018-07-01 00:05:57.861967,XBTUSD,Sell,6408.0,20,--
2018-07-01 00:05:58.334718,XBTUSD,Sell,6407.5,4963,--
2018-07-01 00:05:58.334718,XBTUSD,Sell,6408.0,3844,0-
2018-07-01 00:05:58.562039,XBTUSD,Buy,6408.0,500,++
2018-07-01 00:05:58.636896,XBTUSD,Sell,6406.5,35728,--
2018-07-01 00:05:58.636896,XBTUSD,Sell,6407.0,11266,--
2018-07-01 00:05:58.636896,XBTUSD,Sell,6407.5,3006,--
2018-07-01 00:05:58.770977,XBTUSD,Buy,6407.0,81957,++
2018-07-01 00:05:58.770977,XBTUSD,Buy,6407.5,28452,++
2018-07-01 00:05:58.770977,XBTUSD,Buy,6408.0,139591,++
2018-07-01 00:05:59.544638,XBTUSD,Buy,6407.0,300,--
2018-07-01 00:05:59.729224,XBTUSD,Sell,6406.5,150,--
2018-07-01 00:06:01.343080,XBTUSD,Sell,6405.0,9467,--
2018-07-01 00:06:01.343080,XBTUSD,Sell,6405.5,42572,--
2018-07-01 00:06:01.343080,XBTUSD,Sell,6406.0,17483,--
2018-07-01 00:06:01.343080,XBTUSD,Sell,6406.5,30478,0-
2018-07-01 00:06:01.796016,XBTUSD,Buy,6405.5,1500,++
2018-07-01 00:06:01.891887,XBTUSD,Sell,6405.0,1000,--
2018-07-01 00:06:02.058188,XBTUSD,Sell,6405.0,15000,0-
2018-07-01 00:06:03.291877,XBTUSD,Sell,6405.0,20000,0-
2018-07-01 00:06:03.725747,XBTUSD,Buy,6405.5,19,++
2018-07-01 00:06:04.313691,XBTUSD,Sell,6405.0,10,--
2018-07-01 00:06:06.124642,XBTUSD,Sell,6405.0,30000,0-
2018-07-01 00:06:06.546782,XBTUSD,Buy,6405.5,500,++
2018-07-01 00:06:07.448139,XBTUSD,Sell,6405.0,690,--
2018-07-01 00:06:09.412821,XBTUSD,Sell,6405.0,301,0-
2018-07-01 00:06:11.048981,XBTUSD,Sell,6405.0,10000,0-
2018-07-01 00:06:11.160292,XBTUSD,Sell,6405.0,5,0-
2018-07-01 00:06:11.784562,XBTUSD,Sell,6405.0,5,0-
2018-07-01 00:06:12.025357,XBTUSD,Sell,6405.0,10,0-
2018-07-01 00:06:12.089912,XBTUSD,Buy,6405.5,12720,++
2018-07-01 00:06:12.532365,XBTUSD,Buy,6405.5,70000,0+
2018-07-01 00:06:13.035693,XBTUSD,Sell,6405.0,5,--
2018-07-01 00:06:13.360462,XBTUSD,Buy,6405.5,40000,++
2018-07-01 00:06:13.857748,XBTUSD,Buy,6405.5,3574,0+
2018-07-01 00:06:13.906128,XBTUSD,Sell,6405.0,5,--
2018-07-01 00:06:13.931076,XBTUSD,Buy,6405.5,6320,++
2018-07-01 00:06:13.962604,XBTUSD,Buy,6405.5,600,0+
2018-07-01 00:06:14.730772,XBTUSD,Buy,6405.5,2000,0+
2018-07-01 00:06:14.854611,XBTUSD,Sell,6405.0,5,--
2018-07-01 00:06:16.040829,XBTUSD,Buy,6405.5,6000,++
2018-07-01 00:06:16.083985,XBTUSD,Buy,6405.5,2000,0+
2018-07-01 00:06:16.142703,XBTUSD,Sell,6405.0,5,--
2018-07-01 00:06:16.273694,XBTUSD,Buy,6405.5,5000,++
2018-07-01 00:06:16.505693,XBTUSD,Buy,6405.5,16,0+
2018-07-01 00:06:16.706587,XBTUSD,Buy,6405.5,8500,0+
2018-07-01 00:06:16.788985,XBTUSD,Sell,6405.0,5,--
2018-07-01 00:06:17.476176,XBTUSD,Buy,6405.5,191,++
2018-07-01 00:06:17.476176,XBTUSD,Buy,6406.0,1809,++
2018-07-01 00:06:17.703930,XBTUSD,Sell,6405.5,5,--
2018-07-01 00:06:19.049755,XBTUSD,Sell,6405.5,5,0-
2018-07-01 00:06:19.273556,XBTUSD,Sell,6405.5,10,0-
2018-07-01 00:06:19.626853,XBTUSD,Buy,6406.0,19490,++
2018-07-01 00:06:19.626853,XBTUSD,Buy,6406.5,1021,++
2018-07-01 00:06:19.626853,XBTUSD,Buy,6407.0,24489,++
2018-07-01 00:06:20.173132,XBTUSD,Sell,6406.5,5,--
2018-07-01 00:06:20.968545,XBTUSD,Sell,6406.5,5,0-
2018-07-01 00:06:21.116188,XBTUSD,Buy,6407.0,200,++
2018-07-01 00:06:22.099860,XBTUSD,Buy,6407.0,10000,0+
2018-07-01 00:06:22.143250,XBTUSD,Sell,6406.5,5,--
2018-07-01 00:06:22.191948,XBTUSD,Buy,6407.0,300,++
2018-07-01 00:06:22.883097,XBTUSD,Buy,6407.0,10,0+
2018-07-01 00:06:23.398566,XBTUSD,Sell,6406.5,10,--
2018-07-01 00:06:23.816023,XBTUSD,Sell,6406.5,500,0-
2018-07-01 00:06:24.335996,XBTUSD,Buy,6407.0,10000,++
2018-07-01 00:06:24.435157,XBTUSD,Sell,6406.5,11500,--
2018-07-01 00:06:25.982020,XBTUSD,Buy,6407.0,50,++
2018-07-01 00:06:26.144696,XBTUSD,Buy,6407.0,1000,0+
2018-07-01 00:06:26.376783,XBTUSD,Buy,6407.0,2500,0+
2018-07-01 00:06:26.554105,XBTUSD,Sell,6406.5,10,--
2018-07-01 00:06:27.483379,XBTUSD,Buy,6407.0,8678,++
2018-07-01 00:06:27.483379,XBTUSD,Buy,6407.5,984,++
2018-07-01 00:06:27.939773,XBTUSD,Sell,6407.5,100,0+
2018-07-01 00:06:27.966640,XBTUSD,Sell,6407.5,11,0+
2018-07-01 00:06:28.017566,XBTUSD,Buy,6408.0,1000,++
2018-07-01 00:06:28.647900,XBTUSD,Sell,6407.5,26,--
2018-07-01 00:06:28.877529,XBTUSD,Sell,6407.5,2000,0-
2018-07-01 00:06:29.208373,XBTUSD,Buy,6408.0,1000,++
2018-07-01 00:06:29.543753,XBTUSD,Buy,6408.0,5000,0+
2018-07-01 00:06:31.878026,XBTUSD,Buy,6408.0,3681,0+
2018-07-01 00:06:31.878026,XBTUSD,Buy,6408.5,6319,++
2018-07-01 00:06:32.847228,XBTUSD,Buy,6408.5,1000,0+
2018-07-01 00:06:33.225107,XBTUSD,Buy,6408.5,1999,0+
2018-07-01 00:06:33.769620,XBTUSD,Sell,6408.0,10,--
2018-07-01 00:06:34.024851,XBTUSD,Buy,6408.5,6016,++
2018-07-01 00:06:34.024851,XBTUSD,Buy,6409.0,13984,++
2018-07-01 00:06:34.761677,XBTUSD,Sell,6408.5,2500,--
2018-07-01 00:06:34.819368,XBTUSD,Buy,6409.0,10,++
2018-07-01 00:06:36.018622,XBTUSD,Sell,6408.5,2000,--
2018-07-01 00:06:36.071467,XBTUSD,Buy,6409.0,500,++
2018-07-01 00:06:36.158738,XBTUSD,Sell,6408.5,10,--
2018-07-01 00:06:36.213789,XBTUSD,Sell,6408.5,1000,0-
2018-07-01 00:06:36.245100,XBTUSD,Buy,6409.0,3000,++
2018-07-01 00:06:37.877500,XBTUSD,Buy,6409.0,500,0+
2018-07-01 00:06:38.292209,XBTUSD,Sell,6408.5,5000,--
2018-07-01 00:06:38.356800,XBTUSD,Buy,6409.0,50,++
2018-07-01 00:06:38.621936,XBTUSD,Buy,6409.0,4000,0+
2018-07-01 00:06:38.652768,XBTUSD,Buy,6409.0,500,0+
2018-07-01 00:06:39.019357,XBTUSD,Buy,6409.0,500,0+
2018-07-01 00:06:39.142603,XBTUSD,Buy,6409.0,500,0+
2018-07-01 00:06:39.211131,XBTUSD,Sell,6408.5,20000,--
2018-07-01 00:06:39.266584,XBTUSD,Buy,6409.0,1912,++
2018-07-01 00:06:39.266584,XBTUSD,Buy,6409.5,13585,++
2018-07-01 00:06:39.266584,XBTUSD,Buy,6410.0,39503,++
2018-07-01 00:06:41.248396,XBTUSD,Buy,6410.0,8500,0+
2018-07-01 00:06:41.414458,XBTUSD,Sell,6409.5,7300,--
2018-07-01 00:06:42.414086,XBTUSD,Buy,6410.0,7000,++
2018-07-01 00:06:42.452013,XBTUSD,Buy,6410.0,1000,0+
2018-07-01 00:06:42.739411,XBTUSD,Buy,6410.0,3109,0+
2018-07-01 00:06:42.739411,XBTUSD,Buy,6410.5,8391,++
2018-07-01 00:06:43.051969,XBTUSD,Buy,6410.5,500,0+
2018-07-01 00:06:43.864545,XBTUSD,Buy,6410.5,1431,0+
2018-07-01 00:06:44.396526,XBTUSD,Sell,6410.0,78,--
2018-07-01 00:06:46.295585,XBTUSD,Buy,6410.5,7000,++
2018-07-01 00:06:46.347407,XBTUSD,Sell,6410.0,500,--
2018-07-01 00:06:46.357283,XBTUSD,Buy,6410.5,972,++
2018-07-01 00:06:46.392650,XBTUSD,Buy,6411.0,5000,++
2018-07-01 00:06:46.832278,XBTUSD,Sell,6410.5,3000,--
2018-07-01 00:06:47.226794,XBTUSD,Sell,6410.5,20000,0-
2018-07-01 00:06:47.263566,XBTUSD,Sell,6410.5,1750,0-
2018-07-01 00:06:47.448449,XBTUSD,Buy,6411.0,500,++
2018-07-01 00:06:47.922929,XBTUSD,Sell,6410.5,30,--
2018-07-01 00:06:47.941691,XBTUSD,Buy,6411.0,100,++
2018-07-01 00:06:47.986434,XBTUSD,Buy,6411.0,890,0+
2018-07-01 00:06:48.061198,XBTUSD,Buy,6411.0,2,0+
2018-07-01 00:06:48.496450,XBTUSD,Sell,6410.5,1100,--
2018-07-01 00:06:48.814549,XBTUSD,Buy,6411.0,21090,++
2018-07-01 00:06:49.711324,XBTUSD,Sell,6410.5,10,--
2018-07-01 00:06:49.755709,XBTUSD,Buy,6411.0,7000,++
2018-07-01 00:06:49.915877,XBTUSD,Buy,6411.0,10000,0+
2018-07-01 00:06:51.015785,XBTUSD,Buy,6411.0,17466,0+
2018-07-01 00:06:51.015785,XBTUSD,Buy,6411.5,30869,++
2018-07-01 00:06:51.015785,XBTUSD,Buy,6412.0,15353,++
2018-07-01 00:06:51.015785,XBTUSD,Buy,6412.5,8454,++
2018-07-01 00:06:51.015785,XBTUSD,Buy,6413.0,7858,++
2018-07-01 00:06:51.048303,XBTUSD,Buy,6413.0,1500,0+
2018-07-01 00:06:51.140234,XBTUSD,Buy,6413.0,1,0+
2018-07-01 00:06:51.205565,XBTUSD,Sell,6412.5,5,--
2018-07-01 00:06:51.287618,XBTUSD,Buy,6413.0,100,++
2018-07-01 00:06:51.808486,XBTUSD,Buy,6413.0,59549,0+
2018-07-01 00:06:51.808486,XBTUSD,Buy,6413.5,15451,++
2018-07-01 00:06:51.954895,XBTUSD,Sell,6412.5,500,--
2018-07-01 00:06:52.107474,XBTUSD,Buy,6413.0,10000,++
2018-07-01 00:06:53.563771,XBTUSD,Sell,6412.5,500,--
2018-07-01 00:06:53.782376,XBTUSD,Buy,6413.0,10,++
2018-07-01 00:06:54.153606,XBTUSD,Sell,6412.5,100,--
2018-07-01 00:06:54.320202,XBTUSD,Buy,6413.0,12000,++
2018-07-01 00:06:54.482145,XBTUSD,Buy,6413.0,100,0+
2018-07-01 00:06:54.636945,XBTUSD,Sell,6412.5,5,--
2018-07-01 00:06:54.984334,XBTUSD,Buy,6413.0,10000,++
2018-07-01 00:06:55.488732,XBTUSD,Sell,6412.5,52,--
2018-07-01 00:06:55.958092,XBTUSD,Sell,6412.5,5000,0-
2018-07-01 00:06:56.099856,XBTUSD,Buy,6413.0,1000,++
2018-07-01 00:06:56.360104,XBTUSD,Buy,6413.0,600,0+
2018-07-01 00:06:56.373445,XBTUSD,Buy,6413.0,100,0+
2018-07-01 00:06:56.761312,XBTUSD,Sell,6412.5,4490,--
2018-07-01 00:06:56.843633,XBTUSD,Buy,6413.0,1400,++
2018-07-01 00:06:57.367181,XBTUSD,Sell,6412.5,5,--
2018-07-01 00:06:57.468326,XBTUSD,Sell,6412.5,10,0-
2018-07-01 00:06:57.918525,XBTUSD,Sell,6412.5,27,0-
2018-07-01 00:06:58.406136,XBTUSD,Buy,6413.0,1000,++
2018-07-01 00:06:58.617280,XBTUSD,Buy,6413.0,60,0+
2018-07-01 00:06:59.670049,XBTUSD,Sell,6412.5,5,--
2018-07-01 00:07:00.602212,XBTUSD,Buy,6413.0,400,++
2018-07-01 00:07:00.619400,XBTUSD,Sell,6412.5,5,--
2018-07-01 00:07:00.629377,XBTUSD,Sell,6412.5,500,0-
2018-07-01 00:07:01.291106,XBTUSD,Buy,6413.0,200,++
2018-07-01 00:07:01.925852,XBTUSD,Sell,6412.5,5,--
2018-07-01 00:07:02.217254,XBTUSD,Buy,6413.0,4000,++
2018-07-01 00:07:02.318086,XBTUSD,Sell,6412.5,114570,--
2018-07-01 00:07:02.388037,XBTUSD,Buy,6413.0,3000,++
2018-07-01 00:07:02.465980,XBTUSD,Buy,6413.0,100,0+
2018-07-01 00:07:02.792604,XBTUSD,Buy,6413.0,1870,0+
2018-07-01 00:07:03.320338,XBTUSD,Buy,6413.0,250000,0+
2018-07-01 00:07:03.353693,XBTUSD,Buy,6413.0,500,0+
2018-07-01 00:07:04.228926,XBTUSD,Buy,6413.0,10000,0+
2018-07-01 00:07:04.253613,XBTUSD,Sell,6412.5,5,--
2018-07-01 00:07:04.269042,XBTUSD,Sell,6412.5,10,0-
2018-07-01 00:07:04.319801,XBTUSD,Sell,6412.5,2000,0-
2018-07-01 00:07:05.021328,XBTUSD,Buy,6413.0,1000,++
2018-07-01 00:07:05.969354,XBTUSD,Sell,6412.5,380,--
2018-07-01 00:07:06.090833,XBTUSD,Buy,6413.0,50000,++
2018-07-01 00:07:06.343124,XBTUSD,Sell,6412.5,5,--
2018-07-01 00:07:06.356481,XBTUSD,Buy,6413.0,21090,++
2018-07-01 00:07:07.350826,XBTUSD,Buy,6413.0,1500,0+
2018-07-01 00:07:08.518142,XBTUSD,Sell,6412.5,5,--
2018-07-01 00:07:08.534996,XBTUSD,Sell,6412.5,101,0-
2018-07-01 00:07:08.717725,XBTUSD,Buy,6413.0,1000,++
2018-07-01 00:07:08.908116,XBTUSD,Sell,6412.5,300000,--
2018-07-01 00:07:08.937859,XBTUSD,Sell,6412.5,20000,0-
2018-07-01 00:07:09.238238,XBTUSD,Sell,6412.5,10000,0-
2018-07-01 00:07:10.954304,XBTUSD,Buy,6413.0,250000,++
2018-07-01 00:07:10.998967,XBTUSD,Sell,6412.5,400,--
2018-07-01 00:07:11.170285,XBTUSD,Sell,6412.5,200,0-
2018-07-01 00:07:11.208944,XBTUSD,Sell,6410.0,1673,--
2018-07-01 00:07:11.208944,XBTUSD,Sell,6410.5,887,--
2018-07-01 00:07:11.208944,XBTUSD,Sell,6411.0,19133,--
2018-07-01 00:07:11.208944,XBTUSD,Sell,6411.5,90,--
2018-07-01 00:07:11.208944,XBTUSD,Sell,6412.0,25720,--
2018-07-01 00:07:11.208944,XBTUSD,Sell,6412.5,2497,0-
2018-07-01 00:07:11.463170,XBTUSD,Sell,6410.0,30000,0-
2018-07-01 00:07:11.953601,XBTUSD,Sell,6410.0,500,0-
2018-07-01 00:07:12.253622,XBTUSD,Sell,6410.0,1000,0-
2018-07-01 00:07:12.521063,XBTUSD,Buy,6410.5,500,++
2018-07-01 00:07:13.077655,XBTUSD,Sell,6410.0,5,--
2018-07-01 00:07:13.120104,XBTUSD,Sell,6410.0,10,0-
2018-07-01 00:07:13.242222,XBTUSD,Sell,6410.0,14000,0-
2018-07-01 00:07:13.270472,XBTUSD,Sell,6410.0,5000,0-
2018-07-01 00:07:13.300737,XBTUSD,Buy,6410.5,75000,++
2018-07-01 00:07:14.179969,XBTUSD,Sell,6410.0,140,--
2018-07-01 00:07:16.474722,XBTUSD,Buy,6410.5,12000,++
2018-07-01 00:07:16.998333,XBTUSD,Sell,6410.0,30000,--
2018-07-01 00:07:17.783960,XBTUSD,Sell,6410.0,4000,0-
2018-07-01 00:07:17.804880,XBTUSD,Sell,6410.0,50000,0-
2018-07-01 00:07:17.833362,XBTUSD,Sell,6410.0,11799,0-
2018-07-01 00:07:17.894858,XBTUSD,Sell,6410.0,5,0-
2018-07-01 00:07:18.033520,XBTUSD,Sell,6410.0,100000,0-
2018-07-01 00:07:18.408805,XBTUSD,Sell,6410.0,500,0-
2018-07-01 00:07:19.613771,XBTUSD,Sell,6410.0,5044,0-
2018-07-01 00:07:19.823486,XBTUSD,Sell,6410.0,3000,0-
2018-07-01 00:07:19.841816,XBTUSD,Sell,6410.0,50000,0-
2018-07-01 00:07:20.396186,XBTUSD,Sell,6410.0,5,0-
2018-07-01 00:07:20.554242,XBTUSD,Sell,6410.0,10,0-
2018-07-01 00:07:20.567434,XBTUSD,Buy,6410.5,20,++
2018-07-01 00:07:22.352967,XBTUSD,Sell,6410.0,5,--
2018-07-01 00:07:22.422071,XBTUSD,Buy,6410.5,1000,++
2018-07-01 00:07:23.916019,XBTUSD,Buy,6410.5,1,0+
2018-07-01 00:07:24.227236,XBTUSD,Buy,6410.5,1000,0+
2018-07-01 00:07:24.635470,XBTUSD,Sell,6410.0,5,--
2018-07-01 00:07:24.696312,XBTUSD,Buy,6410.5,1500,++
2018-07-01 00:07:24.852802,XBTUSD,Sell,6410.0,33000,--
2018-07-01 00:07:24.911624,XBTUSD,Buy,6410.5,8000,++
2018-07-01 00:07:24.977039,XBTUSD,Buy,6410.5,6000,0+
2018-07-01 00:07:26.835421,XBTUSD,Sell,6410.0,5,--
2018-07-01 00:07:26.960338,XBTUSD,Sell,6410.0,100,0-
2018-07-01 00:07:27.301009,XBTUSD,Buy,6410.5,1,++
2018-07-01 00:07:27.376863,XBTUSD,Buy,6410.5,30,0+
2018-07-01 00:07:27.531608,XBTUSD,Sell,6410.0,5044,--
2018-07-01 00:07:27.644275,XBTUSD,Sell,6410.0,50,0-
2018-07-01 00:07:27.955108,XBTUSD,Sell,6410.0,20,0-
2018-07-01 00:07:29.168592,XBTUSD,Buy,6410.5,3800,++
2018-07-01 00:07:31.171950,XBTUSD,Buy,6410.5,1,0+
2018-07-01 00:07:31.189773,XBTUSD,Sell,6410.0,1000,--
2018-07-01 00:07:31.199948,XBTUSD,Sell,6410.0,2000,0-
2018-07-01 00:07:31.290775,XBTUSD,Buy,6410.5,2000,++
2018-07-01 00:07:32.415896,XBTUSD,Buy,6410.5,10000,0+
2018-07-01 00:07:33.019802,XBTUSD,Buy,6410.5,40000,0+
2018-07-01 00:07:33.608599,XBTUSD,Sell,6410.0,20000,--
2018-07-01 00:07:33.658524,XBTUSD,Sell,6410.0,42,0-
2018-07-01 00:07:33.765719,XBTUSD,Buy,6410.5,1,++
2018-07-01 00:07:33.959178,XBTUSD,Buy,6410.5,5000,0+
2018-07-01 00:07:34.419667,XBTUSD,Sell,6410.0,5,--
2018-07-01 00:07:34.689262,XBTUSD,Sell,6410.0,5000,0-
2018-07-01 00:07:34.736699,XBTUSD,Buy,6410.5,10000,++
2018-07-01 00:07:35.050435,XBTUSD,Buy,6410.5,1,0+
2018-07-01 00:07:35.899863,XBTUSD,Buy,6410.5,1,0+
2018-07-01 00:07:37.121179,XBTUSD,Sell,6410.0,5477,--
2018-07-01 00:07:37.194085,XBTUSD,Buy,6410.5,9000,++
2018-07-01 00:07:37.546311,XBTUSD,Buy,6410.5,7284,0+
2018-07-01 00:07:37.546311,XBTUSD,Buy,6411.0,19367,++
2018-07-01 00:07:37.546311,XBTUSD,Buy,6411.5,3349,++
2018-07-01 00:07:39.553657,XBTUSD,Sell,6411.0,500,--
2018-07-01 00:07:40.216479,XBTUSD,Buy,6411.5,1000,++
2018-07-01 00:07:42.445875,XBTUSD,Sell,6411.0,500,--
2018-07-01 00:07:42.655844,XBTUSD,Buy,6411.5,1000,++
2018-07-01 00:07:42.716026,XBTUSD,Buy,6411.5,25346,0+
2018-07-01 00:07:42.716026,XBTUSD,Buy,6412.0,8010,++
2018-07-01 00:07:42.716026,XBTUSD,Buy,6412.5,46644,++
2018-07-01 00:07:42.877765,XBTUSD,Sell,6412.0,100000,--
2018-07-01 00:07:43.161717,XBTUSD,Sell,6412.0,5,0-
2018-07-01 00:07:43.438622,XBTUSD,Sell,6412.0,10,0-
2018-07-01 00:07:43.912030,XBTUSD,Buy,6412.5,2000,++
2018-07-01 00:07:44.503628,XBTUSD,Buy,6412.5,1000,0+
2018-07-01 00:07:44.653889,XBTUSD,Buy,6412.5,78,0+
2018-07-01 00:07:45.051549,XBTUSD,Sell,6412.0,5000,--
2018-07-01 00:07:46.137545,XBTUSD,Sell,6412.0,100,0-
2018-07-01 00:07:46.150580,XBTUSD,Sell,6412.0,1500,0-
2018-07-01 00:07:46.170252,XBTUSD,Buy,6412.5,70000,++
2018-07-01 00:07:46.422354,XBTUSD,Sell,6412.0,5,--
2018-07-01 00:07:46.545013,XBTUSD,Buy,6412.5,1000,++
2018-07-01 00:07:49.034381,XBTUSD,Sell,6412.0,10,--
2018-07-01 00:07:49.231694,XBTUSD,Sell,6412.0,5,0-
2018-07-01 00:07:52.837492,XBTUSD,Buy,6412.5,2000,++
2018-07-01 00:07:54.237128,XBTUSD,Buy,6412.5,1,0+
2018-07-01 00:07:55.151562,XBTUSD,Buy,6412.5,500,0+
2018-07-01 00:07:55.466368,XBTUSD,Sell,6412.0,1000,--
2018-07-01 00:07:55.987502,XBTUSD,Sell,6412.0,10000,0-
2018-07-01 00:07:56.042966,XBTUSD,Buy,6412.5,50000,++
2018-07-01 00:07:57.963752,XBTUSD,Sell,6412.0,27,--
2018-07-01 00:07:58.512489,XBTUSD,Buy,6412.5,8000,++
2018-07-01 00:07:58.756358,XBTUSD,Sell,6412.0,1000,--
2018-07-01 00:07:59.296817,XBTUSD,Buy,6412.5,873838,++
2018-07-01 00:07:59.601366,XBTUSD,Buy,6413.0,1000,++
2018-07-01 00:07:59.744553,XBTUSD,Sell,6412.5,250,--
2018-07-01 00:07:59.836033,XBTUSD,Buy,6413.0,19288,++
2018-07-01 00:07:59.979405,XBTUSD,Buy,6413.0,16626,0+
2018-07-01 00:08:00.382082,XBTUSD,Sell,6412.5,90000,--
2018-07-01 00:08:00.475097,XBTUSD,Sell,6412.5,1000,0-
2018-07-01 00:08:00.739273,XBTUSD,Buy,6413.0,8069,++
2018-07-01 00:08:00.786543,XBTUSD,Sell,6412.5,500000,--
2018-07-01 00:08:00.852269,XBTUSD,Sell,6412.5,500,0-
2018-07-01 00:08:00.877566,XBTUSD,Sell,6412.5,500,0-
2018-07-01 00:08:00.902713,XBTUSD,Buy,6413.0,50000,++
2018-07-01 00:08:00.952023,XBTUSD,Buy,6413.0,498,0+
2018-07-01 00:08:01.276482,XBTUSD,Sell,6413.0,4000,0+
2018-07-01 00:08:01.641376,XBTUSD,Sell,6413.0,2500,0+
2018-07-01 00:08:01.859195,XBTUSD,Buy,6413.5,8000,++
2018-07-01 00:08:02.026107,XBTUSD,Buy,6413.5,30000,0+
2018-07-01 00:08:02.215173,XBTUSD,Buy,6413.5,4000,0+
2018-07-01 00:08:03.525004,XBTUSD,Buy,6413.5,1600,0+
2018-07-01 00:08:04.007762,XBTUSD,Sell,6413.0,2001,--
2018-07-01 00:08:04.433233,XBTUSD,Sell,6413.0,500,0-
2018-07-01 00:08:04.537679,XBTUSD,Buy,6413.5,20000,++
2018-07-01 00:08:04.578968,XBTUSD,Buy,6413.5,64,0+
2018-07-01 00:08:04.661977,XBTUSD,Sell,6413.0,10,--
2018-07-01 00:08:05.579951,XBTUSD,Sell,6413.0,5000,0-
2018-07-01 00:08:06.118211,XBTUSD,Buy,6413.5,1250,++
2018-07-01 00:08:06.185300,XBTUSD,Buy,6413.5,350,0+
2018-07-01 00:08:06.826842,XBTUSD,Buy,6413.5,200,0+
2018-07-01 00:08:07.491905,XBTUSD,Buy,6413.5,13894,0+
2018-07-01 00:08:08.821443,XBTUSD,Buy,6413.5,2000,0+
2018-07-01 00:08:08.961994,XBTUSD,Buy,6413.5,4000,0+
2018-07-01 00:08:09.333441,XBTUSD,Sell,6413.0,100,--
2018-07-01 00:08:09.376871,XBTUSD,Buy,6413.5,30256,++
2018-07-01 00:08:09.422065,XBTUSD,Buy,6413.5,4578,0+
2018-07-01 00:08:09.488142,XBTUSD,Sell,6413.0,55555,--
2018-07-01 00:08:11.079235,XBTUSD,Buy,6413.5,800,++
2018-07-01 00:08:11.132163,XBTUSD,Buy,6413.5,11433,0+
2018-07-01 00:08:11.479564,XBTUSD,Buy,6413.5,2000,0+
2018-07-01 00:08:11.494248,XBTUSD,Buy,6413.5,26000,0+
2018-07-01 00:08:11.676592,XBTUSD,Buy,6413.5,20000,0+
2018-07-01 00:08:12.243089,XBTUSD,Buy,6413.5,1000,0+
2018-07-01 00:08:12.426624,XBTUSD,Buy,6413.5,32180,0+
2018-07-01 00:08:12.426624,XBTUSD,Buy,6414.0,33985,++
2018-07-01 00:08:12.426624,XBTUSD,Buy,6414.5,31480,++
2018-07-01 00:08:12.426624,XBTUSD,Buy,6415.0,102355,++
2018-07-01 00:08:12.900111,XBTUSD,Buy,6415.0,30000,0+
2018-07-01 00:08:13.023453,XBTUSD,Sell,6414.5,20,--
2018-07-01 00:08:13.411477,XBTUSD,Sell,6414.5,500,0-
2018-07-01 00:08:13.624569,XBTUSD,Sell,6414.5,150,0-
2018-07-01 00:08:13.660702,XBTUSD,Sell,6414.5,1354,0-
2018-07-01 00:08:13.724439,XBTUSD,Sell,6414.5,24,0-
2018-07-01 00:08:14.011586,XBTUSD,Buy,6415.0,242287,++
2018-07-01 00:08:14.011586,XBTUSD,Buy,6415.5,11409,++
2018-07-01 00:08:14.011586,XBTUSD,Buy,6416.0,120839,++
2018-07-01 00:08:14.011586,XBTUSD,Buy,6416.5,2907,++
2018-07-01 00:08:14.011586,XBTUSD,Buy,6417.0,8278,++
2018-07-01 00:08:14.011586,XBTUSD,Buy,6417.5,52887,++
2018-07-01 00:08:14.011586,XBTUSD,Buy,6418.0,187438,++
2018-07-01 00:08:14.011586,XBTUSD,Buy,6418.5,7671,++
2018-07-01 00:08:14.011586,XBTUSD,Buy,6419.0,204093,++
2018-07-01 00:08:14.011586,XBTUSD,Buy,6419.5,12610,++
2018-07-01 00:08:14.011586,XBTUSD,Buy,6420.0,414039,++
2018-07-01 00:08:14.011586,XBTUSD,Buy,6420.5,21402,++
2018-07-01 00:08:14.011586,XBTUSD,Buy,6421.0,14140,++
2018-07-01 00:08:14.164029,XBTUSD,Sell,6420.5,1,--
2018-07-01 00:08:14.164029,XBTUSD,Buy,6421.0,30342,0+
2018-07-01 00:08:14.252963,XBTUSD,Buy,6421.0,2001,0+
2018-07-01 00:08:14.314554,XBTUSD,Sell,6420.5,1000,--
2018-07-01 00:08:14.352385,XBTUSD,Sell,6420.5,500,0-
2018-07-01 00:08:14.352385,XBTUSD,Buy,6421.0,840,++
2018-07-01 00:08:14.537604,XBTUSD,Buy,6421.0,60,0+
2018-07-01 00:08:14.578661,XBTUSD,Sell,6420.5,23,--
2018-07-01 00:08:14.660889,XBTUSD,Buy,6421.0,250,++
2018-07-01 00:08:14.702363,XBTUSD,Buy,6421.0,14,0+
2018-07-01 00:08:14.994612,XBTUSD,Buy,6421.0,30000,0+
2018-07-01 00:08:15.027327,XBTUSD,Buy,6421.0,4000,0+
2018-07-01 00:08:15.903297,XBTUSD,Buy,6421.0,4000,0+
2018-07-01 00:08:15.939210,XBTUSD,Buy,6421.0,1000,0+
2018-07-01 00:08:16.005625,XBTUSD,Buy,6421.0,171320,0+
2018-07-01 00:08:16.005625,XBTUSD,Buy,6421.5,159000,++
2018-07-01 00:08:16.005625,XBTUSD,Buy,6422.0,10316,++
2018-07-01 00:08:16.005625,XBTUSD,Buy,6422.5,23478,++
2018-07-01 00:08:16.005625,XBTUSD,Buy,6423.0,11571,++
2018-07-01 00:08:16.005625,XBTUSD,Buy,6423.5,7606,++
2018-07-01 00:08:16.005625,XBTUSD,Buy,6424.0,116708,++
2018-07-01 00:08:16.057813,XBTUSD,Buy,6421.0,12,--
2018-07-01 00:08:16.057813,XBTUSD,Buy,6424.0,3488,++
2018-07-01 00:08:16.203230,XBTUSD,Buy,6424.0,3000,0+
2018-07-01 00:08:16.300360,XBTUSD,Sell,6423.5,2001,--
2018-07-01 00:08:16.336658,XBTUSD,Buy,6424.0,100000,++
2018-07-01 00:08:16.541773,XBTUSD,Buy,6424.0,2700,0+
2018-07-01 00:08:16.595519,XBTUSD,Buy,6424.0,9040,0+
2018-07-01 00:08:16.595519,XBTUSD,Buy,6424.5,3500,++
2018-07-01 00:08:16.595519,XBTUSD,Buy,6425.0,18060,++
2018-07-01 00:08:16.617022,XBTUSD,Sell,6423.5,1000,--
2018-07-01 00:08:16.707852,XBTUSD,Buy,6425.0,4000,++
2018-07-01 00:08:16.724000,XBTUSD,Sell,6423.5,45,--
2018-07-01 00:08:16.736405,XBTUSD,Buy,6425.0,4000,++
2018-07-01 00:08:16.752941,XBTUSD,Buy,6425.0,20000,0+
2018-07-01 00:08:18.072310,XBTUSD,Buy,6424.0,10050,--
2018-07-01 00:08:18.072310,XBTUSD,Buy,6425.0,450,++
2018-07-01 00:08:18.121705,XBTUSD,Sell,6424.5,1111,--
2018-07-01 00:08:18.121705,XBTUSD,Buy,6425.0,628,0+
2018-07-01 00:08:18.184736,XBTUSD,Buy,6425.0,38000,0+
2018-07-01 00:08:18.223824,XBTUSD,Buy,6425.0,2000,0+
2018-07-01 00:08:18.249906,XBTUSD,Sell,6424.5,5281,--
2018-07-01 00:08:18.274218,XBTUSD,Buy,6425.0,24000,++
2018-07-01 00:08:18.820455,XBTUSD,Buy,6425.0,36000,0+
2018-07-01 00:08:18.921364,XBTUSD,Buy,6425.0,1700,0+
2018-07-01 00:08:19.392326,XBTUSD,Buy,6425.0,82426,0+
2018-07-01 00:08:19.392326,XBTUSD,Buy,6425.5,17574,++
2018-07-01 00:08:19.485497,XBTUSD,Buy,6425.5,2000,0+
2018-07-01 00:08:19.536576,XBTUSD,Buy,6425.5,1000,0+
2018-07-01 00:08:19.621149,XBTUSD,Buy,6425.5,20000,0+
2018-07-01 00:08:19.643384,XBTUSD,Buy,6425.5,500,0+
2018-07-01 00:08:19.828477,XBTUSD,Buy,6425.5,500,0+
2018-07-01 00:08:19.871739,XBTUSD,Buy,6425.5,37881,0+
2018-07-01 00:08:19.871739,XBTUSD,Buy,6426.0,62119,++
2018-07-01 00:08:19.887273,XBTUSD,Buy,6426.0,30000,0+
2018-07-01 00:08:19.988669,XBTUSD,Sell,6425.0,10,--
2018-07-01 00:08:20.035044,XBTUSD,Buy,6426.0,10000,++
2018-07-01 00:08:20.893913,XBTUSD,Sell,6424.5,12,--
2018-07-01 00:08:20.893913,XBTUSD,Sell,6425.0,88,--
2018-07-01 00:08:20.893913,XBTUSD,Buy,6426.0,8050,++
2018-07-01 00:08:20.966648,XBTUSD,Buy,6426.0,15600,0+
2018-07-01 00:08:21.038479,XBTUSD,Buy,6426.0,20500,0+
2018-07-01 00:08:21.094413,XBTUSD,Buy,6426.0,4000,0+
2018-07-01 00:08:21.137184,XBTUSD,Buy,6426.0,50,0+
2018-07-01 00:08:21.154460,XBTUSD,Sell,6425.5,65,--
2018-07-01 00:08:21.193114,XBTUSD,Buy,6426.0,1200,++
2018-07-01 00:08:21.261808,XBTUSD,Buy,6426.0,15000,0+
2018-07-01 00:08:21.294033,XBTUSD,Buy,6426.0,6000,0+
2018-07-01 00:08:21.314998,XBTUSD,Buy,6426.0,1916,0+
2018-07-01 00:08:21.407366,XBTUSD,Buy,6426.0,4000,0+
2018-07-01 00:08:21.505744,XBTUSD,Buy,6426.0,200,0+
2018-07-01 00:08:21.577089,XBTUSD,Buy,6426.0,45000,0+
2018-07-01 00:08:21.673943,XBTUSD,Buy,6426.0,5000,0+
2018-07-01 00:08:21.689662,XBTUSD,Buy,6426.0,30000,0+
2018-07-01 00:08:21.797797,XBTUSD,Buy,6426.0,40000,0+
2018-07-01 00:08:22.047320,XBTUSD,Buy,6426.0,193055,0+
2018-07-01 00:08:22.047320,XBTUSD,Buy,6426.5,3365,++
2018-07-01 00:08:22.047320,XBTUSD,Buy,6427.0,3580,++
2018-07-01 00:08:22.072034,XBTUSD,Buy,6427.0,15200,0+
2018-07-01 00:08:22.124685,XBTUSD,Buy,6427.0,24000,0+
2018-07-01 00:08:22.158947,XBTUSD,Sell,6426.5,80,--
2018-07-01 00:08:22.211234,XBTUSD,Buy,6427.0,28940,++
2018-07-01 00:08:22.211234,XBTUSD,Buy,6427.5,18626,++
2018-07-01 00:08:22.211234,XBTUSD,Buy,6428.0,2434,++
2018-07-01 00:08:22.236254,XBTUSD,Buy,6428.0,190,0+
2018-07-01 00:08:22.295205,XBTUSD,Buy,6428.0,10000,0+
2018-07-01 00:08:22.362221,XBTUSD,Buy,6428.0,5800,0+
2018-07-01 00:08:22.378068,XBTUSD,Sell,6426.5,300,--
2018-07-01 00:08:22.405347,XBTUSD,Sell,6426.5,300,0-
2018-07-01 00:08:22.420576,XBTUSD,Buy,6428.0,15000,++
2018-07-01 00:08:22.471803,XBTUSD,Sell,6425.5,44103,--
2018-07-01 00:08:22.471803,XBTUSD,Sell,6426.0,3000,--
2018-07-01 00:08:22.471803,XBTUSD,Sell,6426.5,2897,--
2018-07-01 00:08:22.502556,XBTUSD,Buy,6428.0,750,++
2018-07-01 00:08:22.549095,XBTUSD,Buy,6427.0,4400,--
2018-07-01 00:08:22.549095,XBTUSD,Buy,6428.0,27600,++
2018-07-01 00:08:23.514276,XBTUSD,Buy,6426.0,3333,--
2018-07-01 00:08:23.526655,XBTUSD,Sell,6425.5,2120,--
2018-07-01 00:08:24.700232,XBTUSD,Buy,6426.0,7000,++
2018-07-01 00:08:24.850763,XBTUSD,Buy,6426.0,3260,0+
2018-07-01 00:08:24.942234,XBTUSD,Buy,6426.0,1000,0+
2018-07-01 00:08:24.964527,XBTUSD,Buy,6426.0,1000,0+
2018-07-01 00:08:25.040256,XBTUSD,Buy,6426.0,9000,0+
2018-07-01 00:08:25.934843,XBTUSD,Buy,6426.0,10350,0+
2018-07-01 00:08:26.044657,XBTUSD,Buy,6426.0,500,0+
2018-07-01 00:08:26.317108,XBTUSD,Buy,6426.0,900,0+
2018-07-01 00:08:26.351512,XBTUSD,Buy,6426.0,5000,0+
2018-07-01 00:08:26.391119,XBTUSD,Buy,6426.0,20000,0+
2018-07-01 00:08:26.408637,XBTUSD,Buy,6426.0,400000,0+
2018-07-01 00:08:26.496534,XBTUSD,Buy,6426.0,4000,0+
2018-07-01 00:08:26.534827,XBTUSD,Buy,6426.0,30000,0+
2018-07-01 00:08:26.590069,XBTUSD,Buy,6426.0,8000,0+
2018-07-01 00:08:26.684469,XBTUSD,Sell,6425.5,40000,--
2018-07-01 00:08:26.893298,XBTUSD,Buy,6426.0,93,++
2018-07-01 00:08:26.955751,XBTUSD,Buy,6426.0,176,0+
2018-07-01 00:08:26.996971,XBTUSD,Buy,6426.0,52000,0+
2018-07-01 00:08:27.015087,XBTUSD,Buy,6426.0,2500,0+
2018-07-01 00:08:27.035857,XBTUSD,Buy,6426.0,2307,0+
2018-07-01 00:08:27.090232,XBTUSD,Buy,6426.0,70,0+
2018-07-01 00:08:27.105353,XBTUSD,Buy,6426.0,300,0+
2018-07-01 00:08:27.120779,XBTUSD,Sell,6425.5,250,--
2018-07-01 00:08:27.216808,XBTUSD,Buy,6426.0,7000,++
2018-07-01 00:08:27.265888,XBTUSD,Sell,6425.5,52,--
2018-07-01 00:08:27.450698,XBTUSD,Buy,6426.0,1000,++
2018-07-01 00:08:27.510246,XBTUSD,Buy,6426.0,4900,0+
2018-07-01 00:08:29.784176,XBTUSD,Buy,6426.0,56313,0+
2018-07-01 00:08:29.784176,XBTUSD,Buy,6426.5,60975,++
2018-07-01 00:08:29.784176,XBTUSD,Buy,6427.0,80,++
2018-07-01 00:08:29.784176,XBTUSD,Buy,6427.5,1350,++
2018-07-01 00:08:29.784176,XBTUSD,Buy,6428.0,65385,++
2018-07-01 00:08:29.784176,XBTUSD,Buy,6428.5,8407,++
2018-07-01 00:08:29.784176,XBTUSD,Buy,6429.0,83075,++
2018-07-01 00:08:29.893161,XBTUSD,Buy,6429.0,7500,0+
2018-07-01 00:08:29.933159,XBTUSD,Sell,6428.5,5000,--
2018-07-01 00:08:29.957792,XBTUSD,Buy,6429.0,58905,++
2018-07-01 00:08:31.114490,XBTUSD,Sell,6428.5,100,--
2018-07-01 00:08:31.114490,XBTUSD,Buy,6429.0,20000,++
2018-07-01 00:08:31.210319,XBTUSD,Buy,6429.0,10700,0+
2018-07-01 00:08:31.281837,XBTUSD,Buy,6429.0,2976,0+
2018-07-01 00:08:31.326782,XBTUSD,Buy,6429.0,900,0+
2018-07-01 00:08:31.504991,XBTUSD,Buy,6429.0,21000,0+
2018-07-01 00:08:31.533908,XBTUSD,Buy,6429.0,30000,0+
2018-07-01 00:08:31.578060,XBTUSD,Buy,6429.0,900,0+
2018-07-01 00:08:31.736656,XBTUSD,Buy,6429.0,100,0+
2018-07-01 00:08:31.885655,XBTUSD,Buy,6429.0,7000,0+
2018-07-01 00:08:32.042467,XBTUSD,Buy,6429.0,984,0+
2018-07-01 00:08:32.262644,XBTUSD,Sell,6428.5,67,--
2018-07-01 00:08:32.314689,XBTUSD,Sell,6428.5,20000,0-
2018-07-01 00:08:32.349397,XBTUSD,Sell,6428.0,20519,--
2018-07-01 00:08:32.349397,XBTUSD,Sell,6428.5,9481,0-
2018-07-01 00:08:32.428686,XBTUSD,Sell,6428.0,54,0-
2018-07-01 00:08:32.470186,XBTUSD,Sell,6428.0,21,0-
2018-07-01 00:08:32.503810,XBTUSD,Buy,6428.5,250,++
2018-07-01 00:08:33.621309,XBTUSD,Buy,6428.5,30,0+
2018-07-01 00:08:33.621309,XBTUSD,Buy,6429.0,49970,++
2018-07-01 00:08:33.644538,XBTUSD,Buy,6429.0,180,0+
2018-07-01 00:08:34.007951,XBTUSD,Sell,6428.0,300,--
2018-07-01 00:08:34.023120,XBTUSD,Buy,6429.0,3000,++
2018-07-01 00:08:34.207493,XBTUSD,Buy,6429.0,400,0+
2018-07-01 00:08:34.241198,XBTUSD,Sell,6428.0,250,--
2018-07-01 00:08:34.375334,XBTUSD,Sell,6428.0,2,0-
2018-07-01 00:08:34.440569,XBTUSD,Sell,6428.0,1499,--
2018-07-01 00:08:34.440569,XBTUSD,Sell,6428.5,1,++
2018-07-01 00:08:34.499590,XBTUSD,Buy,6429.0,9407,++
2018-07-01 00:08:34.657485,XBTUSD,Sell,6428.5,1354,--
2018-07-01 00:08:34.705736,XBTUSD,Buy,6429.0,10,++
2018-07-01 00:08:34.762799,XBTUSD,Buy,6429.0,2000,0+
2018-07-01 00:08:34.778490,XBTUSD,Buy,6429.0,75,0+
2018-07-01 00:08:35.399114,XBTUSD,Buy,6429.0,5000,0+
2018-07-01 00:08:35.412735,XBTUSD,Buy,6429.0,2000,0+
2018-07-01 00:08:35.426906,XBTUSD,Buy,6429.0,4000,0+
2018-07-01 00:08:35.441965,XBTUSD,Buy,6429.0,50000,0+
2018-07-01 00:08:35.469072,XBTUSD,Buy,6429.0,2000,0+
2018-07-01 00:08:35.482944,XBTUSD,Buy,6429.0,120000,0+
2018-07-01 00:08:35.506153,XBTUSD,Buy,6429.0,1000,0+
2018-07-01 00:08:35.539656,XBTUSD,Buy,6429.0,1000,0+
2018-07-01 00:08:35.568035,XBTUSD,Buy,6429.0,10000,0+
2018-07-01 00:08:35.657573,XBTUSD,Buy,6429.0,8000,0+
2018-07-01 00:08:35.672428,XBTUSD,Buy,6429.0,20000,0+
2018-07-01 00:08:35.696415,XBTUSD,Sell,6428.5,5000,--
2018-07-01 00:08:35.753416,XBTUSD,Buy,6429.0,11362,++
2018-07-01 00:08:35.774300,XBTUSD,Buy,6429.0,20000,0+
2018-07-01 00:08:35.805173,XBTUSD,Buy,6429.0,12942,0+
2018-07-01 00:08:35.991429,XBTUSD,Buy,6429.0,29463,0+
2018-07-01 00:08:36.050276,XBTUSD,Sell,6428.5,47000,--
2018-07-01 00:08:36.167868,XBTUSD,Buy,6429.0,500,++
2018-07-01 00:08:36.183728,XBTUSD,Sell,6428.5,500,--
2018-07-01 00:08:36.195923,XBTUSD,Buy,6429.0,63097,++
2018-07-01 00:08:36.221731,XBTUSD,Buy,6429.0,2000,0+
2018-07-01 00:08:36.278054,XBTUSD,Buy,6429.0,2438,0+
2018-07-01 00:08:36.343869,XBTUSD,Buy,6429.0,10000,0+
2018-07-01 00:08:36.467423,XBTUSD,Buy,6429.0,10,0+
2018-07-01 00:08:36.593272,XBTUSD,Sell,6428.5,10000,--
2018-07-01 00:08:36.655444,XBTUSD,Buy,6429.0,5000,++
2018-07-01 00:08:36.843290,XBTUSD,Buy,6429.0,7000,0+
2018-07-01 00:08:36.907620,XBTUSD,Buy,6429.0,20000,0+
2018-07-01 00:08:37.030134,XBTUSD,Buy,6429.0,17799,0+
2018-07-01 00:08:37.214253,XBTUSD,Buy,6429.0,1000,0+
2018-07-01 00:08:37.247427,XBTUSD,Sell,6428.5,80000,--
2018-07-01 00:08:37.377021,XBTUSD,Buy,6429.0,29874,++
2018-07-01 00:08:37.437048,XBTUSD,Buy,6429.0,11386,0+
2018-07-01 00:08:37.540645,XBTUSD,Buy,6429.0,5000,0+
2018-07-01 00:08:39.199016,XBTUSD,Sell,6428.5,10,--
2018-07-01 00:08:39.228325,XBTUSD,Buy,6429.0,3500,++
2018-07-01 00:08:39.279749,XBTUSD,Buy,6429.0,5000,0+
2018-07-01 00:08:39.304380,XBTUSD,Buy,6429.0,5000,0+
2018-07-01 00:08:39.454931,XBTUSD,Buy,6429.0,7000,0+
2018-07-01 00:08:39.480040,XBTUSD,Buy,6429.0,29000,0+
2018-07-01 00:08:39.543814,XBTUSD,Buy,6429.0,7000,0+
2018-07-01 00:08:39.553515,XBTUSD,Buy,6429.0,1000,0+
2018-07-01 00:08:39.682411,XBTUSD,Buy,6429.0,2000,0+
2018-07-01 00:08:39.823080,XBTUSD,Sell,6428.5,3000,--
2018-07-01 00:08:39.890822,XBTUSD,Sell,6428.5,2500,0-
2018-07-01 00:08:39.981176,XBTUSD,Buy,6429.0,2000,++
2018-07-01 00:08:41.029376,XBTUSD,Buy,6429.0,5000,0+
2018-07-01 00:08:41.118845,XBTUSD,Buy,6429.0,2000,0+
2018-07-01 00:08:41.270500,XBTUSD,Buy,6429.0,2000,0+
2018-07-01 00:08:41.324826,XBTUSD,Buy,6429.0,2438,0+
2018-07-01 00:08:41.387624,XBTUSD,Sell,6428.5,1000,--
2018-07-01 00:08:41.410247,XBTUSD,Buy,6429.0,7000,++
2018-07-01 00:08:41.446916,XBTUSD,Sell,6428.5,10000,--
2018-07-01 00:08:41.636747,XBTUSD,Sell,6428.5,20000,0-
2018-07-01 00:08:41.707130,XBTUSD,Buy,6429.0,1,++
2018-07-01 00:08:41.778016,XBTUSD,Buy,6429.0,5555,0+
2018-07-01 00:08:41.820688,XBTUSD,Sell,6428.5,1000,--
2018-07-01 00:08:41.862757,XBTUSD,Sell,6428.5,1500,0-
2018-07-01 00:08:41.929098,XBTUSD,Buy,6429.0,1000,++
2018-07-01 00:08:41.992001,XBTUSD,Buy,6429.0,4000,0+
2018-07-01 00:08:42.091229,XBTUSD,Sell,6428.5,1200,--
2018-07-01 00:08:42.129308,XBTUSD,Sell,6428.5,170,0-
2018-07-01 00:08:42.215596,XBTUSD,Buy,6429.0,5,++
2018-07-01 00:08:42.247759,XBTUSD,Buy,6429.0,10000,0+
2018-07-01 00:08:42.260308,XBTUSD,Buy,6429.0,7660,0+
2018-07-01 00:08:42.440503,XBTUSD,Buy,6429.0,2000,0+
2018-07-01 00:08:43.571759,XBTUSD,Buy,6429.0,29463,0+
2018-07-01 00:08:43.906219,XBTUSD,Buy,6429.0,800,0+
2018-07-01 00:08:43.936984,XBTUSD,Sell,6428.5,10000,--
2018-07-01 00:08:43.962975,XBTUSD,Buy,6429.0,4300,++
2018-07-01 00:08:46.015564,XBTUSD,Sell,6428.5,1,--
2018-07-01 00:08:46.224026,XBTUSD,Sell,6428.5,3100,0-
2018-07-01 00:08:46.245818,XBTUSD,Sell,6428.5,20,0-
2018-07-01 00:08:46.277077,XBTUSD,Buy,6429.0,1,++
2018-07-01 00:08:46.470691,XBTUSD,Sell,6428.5,6429,--
2018-07-01 00:08:46.492309,XBTUSD,Sell,6428.5,500,0-
2018-07-01 00:08:46.514976,XBTUSD,Buy,6429.0,500,++
2018-07-01 00:08:46.539241,XBTUSD,Buy,6429.0,27,0+
2018-07-01 00:08:46.556510,XBTUSD,Sell,6428.5,6429,--
2018-07-01 00:08:46.592290,XBTUSD,Buy,6429.0,30000,++
2018-07-01 00:08:46.618226,XBTUSD,Buy,6429.0,185,0+
2018-07-01 00:08:46.672339,XBTUSD,Buy,6429.0,51,0+
2018-07-01 00:08:46.710089,XBTUSD,Sell,6428.5,500,--
2018-07-01 00:08:46.777161,XBTUSD,Buy,6429.0,250000,++
2018-07-01 00:08:46.798838,XBTUSD,Sell,6428.5,408,--
2018-07-01 00:08:46.822759,XBTUSD,Buy,6429.0,17000,++
2018-07-01 00:08:46.858778,XBTUSD,Sell,6428.5,200000,--
2018-07-01 00:08:46.924532,XBTUSD,Sell,6428.5,12857,0-
2018-07-01 00:08:46.999754,XBTUSD,Sell,6428.5,1354,0-
2018-07-01 00:08:47.010536,XBTUSD,Sell,6428.0,45315,--
2018-07-01 00:08:47.010536,XBTUSD,Sell,6428.5,254685,0-
2018-07-01 00:08:47.085648,XBTUSD,Sell,6428.0,6000,0-
2018-07-01 00:08:47.109510,XBTUSD,Buy,6429.0,10000,++
2018-07-01 00:08:47.155475,XBTUSD,Buy,6429.0,10,0+
2018-07-01 00:08:47.165472,XBTUSD,Buy,6429.0,2000,0+
2018-07-01 00:08:47.182728,XBTUSD,Sell,6428.0,20000,--
2018-07-01 00:08:47.198649,XBTUSD,Sell,6428.0,3333,0-
2018-07-01 00:08:47.230470,XBTUSD,Sell,6421.0,179693,--
2018-07-01 00:08:47.230470,XBTUSD,Sell,6421.5,25,--
2018-07-01 00:08:47.230470,XBTUSD,Sell,6422.0,170934,--
2018-07-01 00:08:47.230470,XBTUSD,Sell,6422.5,208897,--
2018-07-01 00:08:47.230470,XBTUSD,Sell,6423.0,3553,--
2018-07-01 00:08:47.230470,XBTUSD,Sell,6423.5,152567,--
2018-07-01 00:08:47.230470,XBTUSD,Sell,6424.0,34495,--
2018-07-01 00:08:47.230470,XBTUSD,Sell,6424.5,1711,--
2018-07-01 00:08:47.230470,XBTUSD,Sell,6425.0,379776,--
2018-07-01 00:08:47.230470,XBTUSD,Sell,6425.5,188363,--
2018-07-01 00:08:47.230470,XBTUSD,Sell,6426.0,10440,--
2018-07-01 00:08:47.230470,XBTUSD,Sell,6426.5,501,--
2018-07-01 00:08:47.230470,XBTUSD,Sell,6427.0,2256,--
2018-07-01 00:08:47.230470,XBTUSD,Sell,6427.5,3133,--
2018-07-01 00:08:47.230470,XBTUSD,Sell,6428.0,163656,0-
2018-07-01 00:08:47.413055,XBTUSD,Sell,6421.0,1000,0-
2018-07-01 00:08:47.539454,XBTUSD,Sell,6420.5,14661,--
2018-07-01 00:08:47.539454,XBTUSD,Sell,6421.0,711,0-
2018-07-01 00:08:48.572775,XBTUSD,Sell,6420.5,1000,0-
2018-07-01 00:08:48.623257,XBTUSD,Sell,6420.5,40000,0-
2018-07-01 00:08:48.638555,XBTUSD,Buy,6421.0,900,++
2018-07-01 00:08:48.725131,XBTUSD,Buy,6421.0,5000,0+
2018-07-01 00:08:48.737727,XBTUSD,Buy,6421.0,4490,0+
2018-07-01 00:08:48.824158,XBTUSD,Sell,6420.0,19280,--
2018-07-01 00:08:48.824158,XBTUSD,Sell,6420.5,95290,--
2018-07-01 00:08:49.208730,XBTUSD,Sell,6420.0,10,0-
2018-07-01 00:08:49.525370,XBTUSD,Sell,6420.0,5000,0-
2018-07-01 00:08:49.671544,XBTUSD,Buy,6420.5,60,++
2018-07-01 00:08:49.909461,XBTUSD,Buy,6420.5,5893,0+
2018-07-01 00:08:49.948566,XBTUSD,Sell,6420.0,700,--
2018-07-01 00:08:50.015969,XBTUSD,Sell,6420.0,1600,0-
2018-07-01 00:08:51.021630,XBTUSD,Buy,6420.5,26,++
2018-07-01 00:08:51.147683,XBTUSD,Sell,6420.0,200,--
2018-07-01 00:08:51.204573,XBTUSD,Sell,6420.0,5000,0-
2018-07-01 00:08:51.218300,XBTUSD,Buy,6420.5,78118,++
2018-07-01 00:08:51.218300,XBTUSD,Buy,6421.0,21882,++
2018-07-01 00:08:51.308119,XBTUSD,Sell,6419.5,22815,--
